2546 3842
209 298 235 350 Α
779 375 781 377 ¹
967 297 1145 357 „a

283 458 329 504 110
369 445 372 450 '
546 453 593 501 Da
612 452 828 500 murmuris:

283 595 448 670 superiomsc
460 595 554 662 subdit,
573 595 675 668 signum
691 601 731 652 est
749 595 818 668 quod
834 615 892 652 caro
907 614 953 651 sua
968 594 1076 652 necdum

281 703 395 775 perfecte
408 703 457 760 sibi
468 703 561 770 obedit,
575 704 621 760 sed
632 723 699 775 saepe
710 703 853 760 recalcitrat
861 708 887 760 et
898 708 1074 760 remurmurat.

283 813 362 868 Disce
374 832 435 886 ergo
447 813 563 870 celeriter
575 815 699 887 superiori
710 819 756 871 tuo
767 819 794 870 te
812 813 969 881 submittere,
986 814 1009 871 si
1024 832 1076 870 oar-

281 938 340 976 nem
357 921 485 993 propriam
501 925 575 993 optas
593 921 737 994 subjugere.
782 920 866 977 Citius
882 939 991 992 namque
1008 924 1077 977 exte-

282 1027 334 1083 rior
345 1027 457 1084 vincitur
468 1027 593 1095 inimicus,
606 1029 629 1084 si
640 1029 746 1084 interior
756 1029 832 1084 homo
844 1047 896 1084 non
906 1027 984 1083 fuerit
992 1027 1076 1083 desas-

280 1140 360 1192 tatus.
397 1137 459 1192 Non
471 1141 512 1194 est
523 1136 654 1192 molestior
666 1141 692 1192 et
704 1136 776 1209 pejor
791 1137 880 1192 anima
895 1135 984 1199 hostis,
1001 1152 1077 1206 quam

282 1247 313 1298 tu
324 1242 379 1314 ipse
388 1241 444 1309 tibi,
455 1261 507 1298 non
517 1243 582 1299 bene
591 1243 746 1300 concordans
759 1243 867 1316 spiritui.
904 1243 1014 1315 Oportet
1026 1259 1077 1297 om-

282 1349 345 1406 nino
361 1368 450 1406 verum
466 1353 494 1406 te
511 1368 640 1406 assumere
659 1351 797 1423 tuiipsius
809 1353 991 1422 contemptum,
1004 1347 1027 1404 si
1038 1347 1077 1402 vis

281 1455 416 1527 prevalere
428 1454 548 1512 adversus
561 1472 662 1513 carnem
673 1461 700 1514 et
712 1457 869 1530 sauguinem.
906 1456 975 1518 Quia
992 1455 1078 1512 adhuc

281 1561 356 1617 nimis
368 1561 510 1617 inordinate
527 1566 556 1617 te
572 1561 664 1635 diligis,
682 1562 739 1619 ideo
754 1563 828 1636 plene
843 1565 871 1618 te
886 1562 1016 1635 resignare
1035 1561 1077 1616 aii·

283 1687 357 1726 orum
368 1670 495 1726 voluntati
506 1669 626 1742 trepidas.

317 1779 342 1834 2.
361 1776 437 1833 “Sed
451 1776 514 1849 quid
528 1795 657 1849 magnum,
671 1776 694 1832 si
710 1781 749 1843 tu,
763 1776 808 1849 qui
823 1774 908 1848 pulvis
924 1792 952 1831 es
969 1775 996 1830 et
1008 1773 1078 1841 nihil,

283 1890 388 1957 propter
394 1885 482 1940 Detur
493 1887 521 1940 te
529 1883 626 1940 homini
637 1882 732 1949 subdis,
743 1882 843 1955 quando
853 1883 910 1954 Ego
919 1879 1078 1952 omnipotens

284 1994 311 2046 at
328 1990 474 2057 alfisdmus,
489 1991 540 2058 Qui
557 1993 652 2048 cuncta
669 1991 753 2047 creari
771 2008 803 2045 ex
819 1988 907 2055 nihilo,
920 1987 967 2044 Me
983 1985 1079 2042 homini

283 2102 425 2171 propterte
437 2098 567 2154 humiliter
579 2097 695 2170 subjeci?
719 2097 814 2153 Factus
830 2115 887 2152 snm
905 2093 1017 2151 omnium
1033 2093 1079 2148 bu·

284 2206 403 2262 millimus
415 2210 441 2261 et
453 2205 561 2272 iniimus,
574 2208 606 2261 ut
616 2208 689 2260 tuam
700 2202 843 2275 superbiam
858 2201 920 2257 Mea
936 2199 1080 2256 humilitate
1125 2270 1126 2281 γ

284 2311 405 2367 vinceres.
440 2311 518 2366 Disce
530 2311 711 2384 obtemperare,
730 2308 821 2382 pulvis.
856 2307 935 2364 Disce
953 2309 982 2362 te
1000 2305 1080 2361 bumi-

284 2417 352 2483 liare,
364 2421 434 2473 terra
444 2423 471 2473 et
482 2417 565 2484 limus,
578 2422 605 2473 et
617 2417 665 2474 sub
682 2417 794 2474 omnium
811 2415 918 2488 pedibus
937 2415 1077 2471 incurvare.

284 2521 362 2578 Disce
384 2522 529 2579 voluntates
547 2527 606 2579 tuas
623 2524 748 2597 frangere,
769 2523 846 2580 etad
865 2541 966 2579 omnem
983 2521 1080 2593 subjec-

284 2628 380 2683 tionem
391 2631 419 2684 te
430 2628 498 2684 dare.

322 2736 346 2789 3.
367 2734 533 2791 “Exardesce
550 2739 640 2792 contra
655 2740 689 2803 te,
703 2755 750 2794 nec
762 2736 866 2809 patiaris
878 2739 1003 2792 tumorem
1015 2734 1043 2791 iu
1053 2739 1081 2790 te

285 2842 378 2909 vivere,
400 2842 446 2898 sed
463 2843 501 2899 ita
519 2843 662 2916 subjectum
682 2849 708 2900 et
728 2845 861 2917 parvulum
881 2848 909 2900 te
932 2843 1030 2910 exhibe,
1049 2848 1080 2898 ut

287 2967 374 3006 omnes
386 2953 501 3022 superte
513 2950 642 3006 ambulare
652 2950 759 3022 possint,
773 2954 800 3006 et
812 2950 879 3006 siout
892 2950 976 3005 lutum
987 2948 1082 3020 platea-

284 3078 343 3115 rum
355 3061 510 3117 conculcare.
547 3061 619 3121 Quid
633 3061 719 3127 babes,
736 3062 812 3118 homo
832 3062 922 3128 inanis,
940 3059 1083 3133 conquerit

286 3166 363 3233 Quid,
382 3167 483 3224 sordide
500 3171 624 3240 peccator,
644 3172 718 3240 potes
739 3169 912 3226 contradicere
929 3167 1082 3242 exprobran-
