2524 3844
273 465 288 509 4
527 461 576 510 DE
594 460 810 510 IMITATIONE

272 598 316 670 qni
332 597 457 670 aliquibus
471 599 552 671 magis
568 598 685 664 intendit,
699 617 775 671 qnam
787 597 828 654 his
845 615 901 670 qna
917 597 993 652 saluti
1009 615 1062 652 sna

272 704 424 760 deserviunt.
455 705 541 760 Multa
552 704 631 761 verba
641 723 693 760 non
704 704 799 760 satiant
810 703 927 770 animam,
940 703 986 758 sed
996 703 1063 759 bona
1076 751 1080 758 .

271 810 325 866 vita
337 810 471 882 refrigerat
483 815 601 878 mentem,
615 815 641 867 et
657 829 722 883 pnra
733 810 887 867 conscicntia
897 829 1015 881 magnam
1030 810 1063 865 nd
1076 847 1078 854 ·

271 916 358 971 Drnrr
369 921 474 988 prestat
488 917 670 973 confidentiam

305 1025 329 1076 3.
349 1023 453 1082 Quanto
476 1023 534 1094 plns
553 1027 580 1078 et
601 1022 690 1078 melius
710 1021 767 1088 scis,
786 1024 859 1077 tanto
877 1021 978 1093 gravius
993 1021 1075 1092 inde.

267 1127 427 1200 judicaberis,
445 1129 495 1184 nisi
510 1129 621 1185 sanctius
638 1129 739 1184 vixeris.
775 1128 838 1184 Noli
853 1147 914 1200 ergo
928 1128 1015 1183 extolli
1031 1129 1062 1184 de

269 1233 321 1288 ulle
332 1236 387 1289 arte
397 1233 557 1300 velscientin,
566 1233 612 1289 sed
621 1235 707 1306 potins
719 1233 782 1289 time
793 1233 825 1288 de
837 1234 896 1288 data
904 1233 952 1289 tibi
963 1234 1061 1289 notitia.

270 1339 298 1393 ai
314 1338 362 1394 tibi
373 1339 474 1394 videtur
491 1339 560 1410 qnod
574 1339 655 1394 multa
667 1340 716 1394 scis
732 1342 759 1395 et
774 1339 836 1394 satis
852 1338 916 1394 bene
932 1339 1059 1412 intelligis,

269 1445 333 1500 scito
351 1447 438 1500 tamen
456 1445 516 1515 qnia
533 1447 594 1500 sunt
609 1444 691 1499 mnlto
708 1444 782 1518 plura
799 1464 855 1517 qna
872 1445 983 1549 nescias!
998 1447 1062 1500 Noli

268 1553 346 1605 altum
357 1559 464 1621 sapere⁰‚
473 1550 519 1605 sed
529 1549 697 1622 ignorantiam
708 1553 780 1605 tuam
791 1550 872 1623 magis
883 1550 972 1606 fatere.
991 1549 1062 1609 Quid

268 1661 295 1712 te
306 1656 346 1712 vis
358 1657 433 1712 alicui
443 1656 569 1728 praeferre,
582 1656 737 1727 cumplures
753 1656 878 1712 doctiores
894 1661 921 1712 te
935 1658 1062 1714 invenian-
1125 1689 1126 1692 ¹

267 1767 311 1818 tur
323 1762 441 1834 etmagis
448 1762 476 1817 in
486 1761 543 1834 lege
554 1761 648 1834 periti?
661 1761 689 1816 Si
699 1761 738 1818 vis
750 1762 848 1818 utiliter
860 1763 954 1836 aliquid
961 1765 1025 1820 scire
1034 1768 1061 1820 et

269 1867 373 1934 discere,
386 1886 442 1922 ame
452 1867 545 1922 nesciri
556 1870 583 1922 et
594 1885 640 1940 pro
654 1867 733 1924 nihilo
747 1869 868 1940 reputari

303 1976 328 2028 4.
347 1975 413 2030 Hac
427 1977 468 2030 est
484 1974 607 2029 altissima
627 1977 654 2029 et
672 1975 807 2030 utilissima
823 1975 907 2040 lectio,
921 1976 962 2031 sni
979 1977 1059 2047 ipsine

267 2098 328 2135 vera
341 2079 453 2160 cognitio
469 2082 495 2133 et
510 2077 645 2150 despectio.
681 2078 723 2133 De
739 2097 766 2134 se
782 2079 837 2150 ipso
854 2079 918 2134 nihil
932 2083 1019 2136 tenere
1031 2085 1069 2138 et,

268 2186 299 2240 de
311 2185 366 2240 aliis
379 2203 477 2256 semper
488 2185 552 2239 bene
564 2187 590 2238 et
602 2183 653 2238 alte
665 2185 766 2249 sentire,
778 2202 871 2256 magna
882 2186 1005 2256 sapientia
1020 2191 1060 2242 cst

268 2292 294 2344 et
306 2288 436 2360 perfectio.
473 2289 500 2342 Si
511 2288 609 2344 videres
622 2287 699 2342 alium
711 2292 797 2360 aperte
808 2307 913 2362 peccare
924 2290 965 2346 rel
977 2292 1060 2363 aliqua

268 2395 355 2466 gravia
367 2397 520 2466 perpetrare,
532 2413 584 2448 non
599 2393 702 2450 deberes
718 2373 843 2451 tatamen
853 2397 980 2453 meliorem
994 2400 1060 2454 aesti·

267 2517 343 2564 mare,
352 2498 411 2570 qnia
422 2499 503 2554 nescis
516 2499 635 2570 qnarndiu
643 2501 725 2571 possis
736 2501 837 2557 inbono
853 2507 928 2559 stare.
964 2505 1059 2561 Omnes

268 2604 369 2676 fragiles
389 2624 491 2672 snmus3
516 2605 561 2661 sed
580 2609 611 2662 tn
632 2609 759 2664 neminem
781 2609 936 2682 fragiliorem
953 2615 981 2668 tc
1003 2613 1058 2684 ipso

268 2711 373 2768 tenebis.
