<?xml version="1.0" encoding="UTF-8"?>
<!DOCTYPE html PUBLIC "-//W3C//DTD XHTML 1.0 Transitional//EN"
    "http://www.w3.org/TR/xhtml1/DTD/xhtml1-transitional.dtd">
<html xmlns="http://www.w3.org/1999/xhtml" xml:lang="en" lang="en">
 <head>
  <title>
</title>
<meta http-equiv="Content-Type" content="text/html;charset=utf-8" />
  <meta name='ocr-system' content='tesseract 3.04.00' />
  <meta name='ocr-capabilities' content='ocr_page ocr_carea ocr_par ocr_line ocrx_word'/>
</head>
<body>
  <div class='ocr_page' id='page_1' title='image "./deimitationechr01thomgoog_0048.png"; bbox 0 0 2524 3844; ppageno 0'>
   <div class='ocr_carea' id='block_1_1' title="bbox 446 414 1034 498">
    <p class='ocr_par' dir='ltr' id='par_1_1' title="bbox 446 397 1034 498">
     <span class='ocr_line' id='line_1_1' title="bbox 446 414 1034 498; baseline 0.012 -15"><span class='ocrx_word' id='word_1_1' title='bbox 446 435 589 485; x_wconf 78' lang='lat' dir='ltr'>cnarsrr</span> <span class='ocrx_word' id='word_1_2' title='bbox 607 436 627 485; x_wconf 92' lang='lat'>1.</span> <span class='ocrx_word' id='word_1_3' title='bbox 642 421 730 496; x_wconf 79' lang='lat' dir='ltr'>ra&#39;ro.</span> <span class='ocrx_word' id='word_1_4' title='bbox 954 445 984 490; x_wconf 78' lang='lat' dir='ltr'>aa</span> <span class='ocrx_word' id='word_1_5' title='bbox 1022 414 1034 498; x_wconf 77' lang='lat' dir='ltr'>l</span> 
     </span>
    </p>
   </div>
   <div class='ocr_carea' id='block_1_2' title="bbox 134 547 1023 721">
    <p class='ocr_par' dir='ltr' id='par_1_2' title="bbox 134 533 1033 721">
     <span class='ocr_line' id='line_1_2' title="bbox 134 547 984 721; baseline 0 -85"><span class='ocrx_word' id='word_1_6' title='bbox 134 612 136 721; x_wconf 37' lang='lat' dir='ltr'>k</span> <span class='ocrx_word' id='word_1_7' title='bbox 186 583 270 636; x_wconf 85' lang='lat' dir='ltr'>Nemo</span> <span class='ocrx_word' id='word_1_8' title='bbox 288 598 375 636; x_wconf 86' lang='lat' dir='ltr'>seoure</span> <span class='ocrx_word' id='word_1_9' title='bbox 392 577 513 650; x_wconf 87' lang='lat' dir='ltr'>loquitur,</span> <span class='ocrx_word' id='word_1_10' title='bbox 531 577 582 632; x_wconf 83' lang='lat' dir='ltr'>nisi</span> <span class='ocrx_word' id='word_1_11' title='bbox 598 577 644 648; x_wconf 90' lang='lat' dir='ltr'>qui</span> <span class='ocrx_word' id='word_1_12' title='bbox 657 576 766 633; x_wconf 75' lang='lat' dir='ltr'><strong>libenter</strong></span> <span class='ocrx_word' id='word_1_13' title='bbox 784 547 860 634; x_wconf 75' lang='lat' dir='ltr'>tacet.</span> <span class='ocrx_word' id='word_1_14' title='bbox 900 577 984 634; x_wconf 86' lang='lat' dir='ltr'>Nemo</span> 
     </span>
     <span class='ocr_line' id='line_1_3' title="bbox 1021 686 1023 718; baseline 0 0"><span class='ocrx_word' id='word_1_15' title='bbox 1021 686 1023 718; x_wconf 86' lang='lat' dir='ltr'>l</span> 
     </span>
    </p>
   </div>
   <div class='ocr_carea' id='block_1_3' title="bbox 124 672 1033 1394">
    <p class='ocr_par' dir='ltr' id='par_1_3' title="bbox 124 672 1033 1323">
     <span class='ocr_line' id='line_1_4' title="bbox 185 672 1033 799; baseline -0.001 -57"><span class='ocrx_word' id='word_1_16' title='bbox 185 705 273 742; x_wconf 78' lang='lat' dir='ltr'>secure</span> <span class='ocrx_word' id='word_1_17' title='bbox 287 689 387 757; x_wconf 76' lang='lat' dir='ltr'>praest,</span> <span class='ocrx_word' id='word_1_18' title='bbox 406 684 457 740; x_wconf 89' lang='lat' dir='ltr'>nisi</span> <span class='ocrx_word' id='word_1_19' title='bbox 472 684 517 755; x_wconf 89' lang='lat' dir='ltr'>qui</span> <span class='ocrx_word' id='word_1_20' title='bbox 532 683 641 738; x_wconf 79' lang='lat' dir='ltr'>libenter</span> <span class='ocrx_word' id='word_1_21' title='bbox 660 683 756 740; x_wconf 87' lang='lat' dir='ltr'>subest.</span> <span class='ocrx_word' id='word_1_22' title='bbox 793 684 878 740; x_wconf 89' lang='lat' dir='ltr'>Nemo</span> <span class='ocrx_word' id='word_1_23' title='bbox 894 702 983 741; x_wconf 84' lang='lat' dir='ltr'>aeoure</span> <span class='ocrx_word' id='word_1_24' title='bbox 1021 672 1033 799; x_wconf 50' lang='lat' dir='ltr'>&#39;j</span> 
     </span>
     <span class='ocr_line' id='line_1_5' title="bbox 134 730 1032 865; baseline -0.002 -17"><span class='ocrx_word' id='word_1_25' title='bbox 134 730 136 853; x_wconf 86' lang='lat' dir='ltr'>l</span> <span class='ocrx_word' id='word_1_26' title='bbox 184 793 306 865; x_wconf 69' lang='lat' dir='ltr'>praeripit,</span> <span class='ocrx_word' id='word_1_27' title='bbox 319 793 369 848; x_wconf 85' lang='lat' dir='ltr'>nisi</span> <span class='ocrx_word' id='word_1_28' title='bbox 381 791 425 863; x_wconf 91' lang='lat' dir='ltr'>qui</span> <span class='ocrx_word' id='word_1_29' title='bbox 435 790 544 846; x_wconf 87' lang='lat' dir='ltr'>libenter</span> <span class='ocrx_word' id='word_1_30' title='bbox 556 789 658 845; x_wconf 87' lang='lat' dir='ltr'>obedire</span> <span class='ocrx_word' id='word_1_31' title='bbox 673 790 770 846; x_wconf 80' lang='lat' dir='ltr'>didicit.</span> <span class='ocrx_word' id='word_1_32' title='bbox 1020 782 1032 855; x_wconf 52' lang='lat' dir='ltr'>ll</span> 
     </span>
     <span class='ocr_line' id='line_1_6' title="bbox 124 824 1022 968; baseline 0.004 -16"><span class='ocrx_word' id='word_1_33' title='bbox 124 824 127 941; x_wconf 86' lang='lat' dir='ltr'>l</span> <span class='ocrx_word' id='word_1_34' title='bbox 221 901 245 952; x_wconf 83' lang='lat'>3.</span> <span class='ocrx_word' id='word_1_35' title='bbox 264 897 349 953; x_wconf 91' lang='lat' dir='ltr'>Nemo</span> <span class='ocrx_word' id='word_1_36' title='bbox 361 915 450 952; x_wconf 83' lang='lat' dir='ltr'>secure</span> <span class='ocrx_word' id='word_1_37' title='bbox 462 895 564 968; x_wconf 84' lang='lat' dir='ltr'>gaudet,</span> <span class='ocrx_word' id='word_1_38' title='bbox 580 895 630 951; x_wconf 90' lang='lat' dir='ltr'>nisi</span> <span class='ocrx_word' id='word_1_39' title='bbox 643 897 687 968; x_wconf 91' lang='lat' dir='ltr'>qui</span> <span class='ocrx_word' id='word_1_40' title='bbox 698 896 771 953; x_wconf 77' lang='lat' dir='ltr'>bona</span> <span class='ocrx_word' id='word_1_41' title='bbox 783 898 944 954; x_wconf 70' lang='lat' dir='ltr'>eonscientiae</span> <span class='ocrx_word' id='word_1_42' title='bbox 955 899 982 955; x_wconf 89' lang='lat' dir='ltr'>in</span> <span class='ocrx_word' id='word_1_43' title='bbox 1019 872 1022 957; x_wconf 81' lang='lat' dir='ltr'>l</span> 
     </span>
     <span class='ocr_line' id='line_1_7' title="bbox 124 958 1022 1076; baseline 0.004 -18"><span class='ocrx_word' id='word_1_44' title='bbox 124 958 127 1035; x_wconf 79' lang='lat' dir='ltr'>l</span> <span class='ocrx_word' id='word_1_45' title='bbox 184 1022 212 1058; x_wconf 86' lang='lat' dir='ltr'>se</span> <span class='ocrx_word' id='word_1_46' title='bbox 230 1004 405 1059; x_wconf 72' lang='lat' dir='ltr'>testimonium</span> <span class='ocrx_word' id='word_1_47' title='bbox 420 1003 520 1058; x_wconf 87' lang='lat' dir='ltr'>habeat.</span> <span class='ocrx_word' id='word_1_48' title='bbox 558 1003 663 1076; x_wconf 84' lang='lat' dir='ltr'>Semper</span> <span class='ocrx_word' id='word_1_49' title='bbox 677 1007 763 1060; x_wconf 88' lang='lat' dir='ltr'>tamen</span> <span class='ocrx_word' id='word_1_50' title='bbox 778 1005 929 1060; x_wconf 82' lang='lat' dir='ltr'>Sanctorum</span> <span class='ocrx_word' id='word_1_51' title='bbox 944 1024 981 1062; x_wconf 85' lang='lat' dir='ltr'>ae·</span> <span class='ocrx_word' id='word_1_52' title='bbox 1019 982 1022 1007; x_wconf 54' lang='lat'><strong><em>⁵</em></strong></span> 
     </span>
     <span class='ocr_line' id='line_1_8' title="bbox 124 1077 1021 1190; baseline -0.001 -23"><span class='ocrx_word' id='word_1_53' title='bbox 124 1077 136 1190; x_wconf 71' lang='lat' dir='ltr'>l¹</span> <span class='ocrx_word' id='word_1_54' title='bbox 185 1113 280 1167; x_wconf 76' lang='lat' dir='ltr'>entitas</span> <span class='ocrx_word' id='word_1_55' title='bbox 294 1111 370 1183; x_wconf 87' lang='lat' dir='ltr'>plena</span> <span class='ocrx_word' id='word_1_56' title='bbox 384 1110 483 1165; x_wconf 84' lang='lat' dir='ltr'>timoris</span> <span class='ocrx_word' id='word_1_57' title='bbox 495 1110 553 1164; x_wconf 84' lang='lat' dir='ltr'>Dn1</span> <span class='ocrx_word' id='word_1_58' title='bbox 571 1110 665 1165; x_wconf 83' lang='lat' dir='ltr'>extitit.</span> <span class='ocrx_word' id='word_1_59' title='bbox 702 1109 759 1166; x_wconf 89' lang='lat' dir='ltr'>Neo</span> <span class='ocrx_word' id='word_1_60' title='bbox 771 1111 897 1166; x_wconf 89' lang='lat' dir='ltr'>eominus</span> <span class='ocrx_word' id='word_1_61' title='bbox 915 1111 980 1166; x_wconf 85' lang='lat' dir='ltr'>solli·</span> <span class='ocrx_word' id='word_1_62' title='bbox 1020 1163 1021 1172; x_wconf 70' lang='grc'>,</span> 
     </span>
     <span class='ocr_line' id='line_1_9' title="bbox 124 1183 1020 1323; baseline 0.004 -56"><span class='ocrx_word' id='word_1_63' title='bbox 124 1183 136 1323; x_wconf 61' lang='lat' dir='ltr'>ll</span> <span class='ocrx_word' id='word_1_64' title='bbox 185 1217 231 1271; x_wconf 83' lang='lat' dir='ltr'>oiti</span> <span class='ocrx_word' id='word_1_65' title='bbox 242 1221 269 1272; x_wconf 87' lang='lat' dir='ltr'>et</span> <span class='ocrx_word' id='word_1_66' title='bbox 280 1216 390 1271; x_wconf 85' lang='lat' dir='ltr'>humiles</span> <span class='ocrx_word' id='word_1_67' title='bbox 405 1215 432 1270; x_wconf 90' lang='lat' dir='ltr'>iu</span> <span class='ocrx_word' id='word_1_68' title='bbox 444 1234 471 1270; x_wconf 89' lang='lat' dir='ltr'>so</span> <span class='ocrx_word' id='word_1_69' title='bbox 488 1215 600 1280; x_wconf 81' lang='lat' dir='ltr'>luenmt,</span> <span class='ocrx_word' id='word_1_70' title='bbox 614 1215 673 1287; x_wconf 88' lang='lat' dir='ltr'>qnia</span> <span class='ocrx_word' id='word_1_71' title='bbox 691 1216 790 1288; x_wconf 83' lang='lat' dir='ltr'>magnis</span> <span class='ocrx_word' id='word_1_72' title='bbox 802 1215 941 1272; x_wconf 82' lang='lat' dir='ltr'>virtutibus</span> <span class='ocrx_word' id='word_1_73' title='bbox 953 1222 980 1273; x_wconf 82' lang='lat' dir='ltr'>el</span> <span class='ocrx_word' id='word_1_74' title='bbox 1019 1219 1020 1228; x_wconf 75' lang='grc'>’</span> 
     </span>
    </p>

    <p class='ocr_par' dir='ltr' id='par_1_4' title="bbox 184 1321 979 1394">
     <span class='ocr_line' id='line_1_10' title="bbox 184 1321 979 1394; baseline -0.003 -16"><span class='ocrx_word' id='word_1_75' title='bbox 184 1323 268 1394; x_wconf 83' lang='lat' dir='ltr'>gratia</span> <span class='ocrx_word' id='word_1_76' title='bbox 285 1322 451 1377; x_wconf 78' lang='lat' dir='ltr'>emiouenmt.</span> <span class='ocrx_word' id='word_1_77' title='bbox 487 1321 629 1376; x_wconf 86' lang='lat' dir='ltr'>Pravorum</span> <span class='ocrx_word' id='word_1_78' title='bbox 647 1324 733 1376; x_wconf 84' lang='lat' dir='ltr'>autem</span> <span class='ocrx_word' id='word_1_79' title='bbox 751 1321 873 1377; x_wconf 83' lang='lat' dir='ltr'>securitas</span> <span class='ocrx_word' id='word_1_80' title='bbox 890 1341 922 1376; x_wconf 83' lang='lat' dir='ltr'>ex</span> <span class='ocrx_word' id='word_1_81' title='bbox 937 1341 979 1377; x_wconf 85' lang='lat' dir='ltr'>au-</span> 
     </span>
    </p>
   </div>
   <div class='ocr_carea' id='block_1_4' title="bbox 133 1410 1031 1523">
    <p class='ocr_par' dir='ltr' id='par_1_5' title="bbox 123 1364 1031 1545">
     <span class='ocr_line' id='line_1_11' title="bbox 133 1410 1031 1523; baseline 0.017 -43.835"><span class='ocrx_word' id='word_1_82' title='bbox 133 1428 136 1503; x_wconf 67' lang='lat' dir='ltr'>l</span> <span class='ocrx_word' id='word_1_83' title='bbox 183 1427 272 1498; x_wconf 84' lang='lat' dir='ltr'>porbia</span> <span class='ocrx_word' id='word_1_84' title='bbox 283 1430 309 1482; x_wconf 87' lang='lat' dir='ltr'>et</span> <span class='ocrx_word' id='word_1_85' title='bbox 321 1425 518 1498; x_wconf 77' lang='lat' dir='ltr'>praesumptione</span> <span class='ocrx_word' id='word_1_86' title='bbox 530 1427 619 1493; x_wconf 83' lang='lat' dir='ltr'>oritur,</span> <span class='ocrx_word' id='word_1_87' title='bbox 628 1427 980 1500; x_wconf 84' lang='lat' dir='ltr'>etinlineindeoeptionem</span> <span class='ocrx_word' id='word_1_88' title='bbox 1018 1410 1031 1523; x_wconf 75' lang='lat' dir='ltr'>¹l</span> 
     </span>
    </p>
   </div>
   <div class='ocr_carea' id='block_1_5' title="bbox 183 1532 1021 1644">
    <p class='ocr_par' dir='ltr' id='par_1_6' title="bbox 123 1532 1021 1644">
     <span class='ocr_line' id='line_1_12' title="bbox 183 1532 1021 1644; baseline 0.001 -55.933"><span class='ocrx_word' id='word_1_89' title='bbox 183 1533 353 1588; x_wconf 85' lang='lat' dir='ltr'>suivertitur.</span> <span class='ocrx_word' id='word_1_90' title='bbox 390 1532 530 1604; x_wconf 75' lang='lat' dir='ltr'><strong>Nunquam</strong></span> <span class='ocrx_word' id='word_1_91' title='bbox 553 1533 688 1605; x_wconf 86' lang='lat' dir='ltr'>promittas</span> <span class='ocrx_word' id='word_1_92' title='bbox 706 1533 754 1588; x_wconf 91' lang='lat' dir='ltr'>tibi</span> <span class='ocrx_word' id='word_1_93' title='bbox 771 1534 935 1589; x_wconf 74' lang='lat' dir='ltr'>securitatem</span> <span class='ocrx_word' id='word_1_94' title='bbox 952 1535 978 1589; x_wconf 88' lang='lat' dir='ltr'>in</span> <span class='ocrx_word' id='word_1_95' title='bbox 1018 1576 1021 1644; x_wconf 60' lang='grc' dir='ltr'>Ι</span> 
     </span>
    </p>
   </div>
   <div class='ocr_carea' id='block_1_6' title="bbox 121 1637 1030 1928">
    <p class='ocr_par' dir='ltr' id='par_1_7' title="bbox 121 1637 1030 1936">
     <span class='ocr_line' id='line_1_13' title="bbox 122 1637 1030 1715; baseline -0.003 -20"><span class='ocrx_word' id='word_1_96' title='bbox 122 1637 134 1715; x_wconf 47' lang='lat' dir='ltr'>ff</span> <span class='ocrx_word' id='word_1_97' title='bbox 183 1641 231 1695; x_wconf 83' lang='lat' dir='ltr'>hac</span> <span class='ocrx_word' id='word_1_98' title='bbox 242 1641 302 1706; x_wconf 84' lang='lat' dir='ltr'>rita,</span> <span class='ocrx_word' id='word_1_99' title='bbox 322 1639 437 1711; x_wconf 83' lang='lat' dir='ltr'>quamvis</span> <span class='ocrx_word' id='word_1_100' title='bbox 454 1639 536 1694; x_wconf 84' lang='lat' dir='ltr'>bonus</span> <span class='ocrx_word' id='word_1_101' title='bbox 547 1639 656 1695; x_wconf 83' lang='lat' dir='ltr'>ridearis</span> <span class='ocrx_word' id='word_1_102' title='bbox 671 1639 798 1695; x_wconf 87' lang='lat' dir='ltr'>eoenobita</span> <span class='ocrx_word' id='word_1_103' title='bbox 812 1643 856 1695; x_wconf 89' lang='lat' dir='ltr'>aut</span> <span class='ocrx_word' id='word_1_104' title='bbox 872 1640 978 1696; x_wconf 84' lang='lat' dir='ltr'>devotus</span> <span class='ocrx_word' id='word_1_105' title='bbox 1018 1654 1030 1701; x_wconf 69' lang='lat'>1:</span> 
     </span>
     <span class='ocr_line' id='line_1_14' title="bbox 131 1693 1020 1824; baseline -0.006 -26"><span class='ocrx_word' id='word_1_106' title='bbox 131 1720 133 1778; x_wconf 77' lang='lat' dir='ltr'>l</span> <span class='ocrx_word' id='word_1_107' title='bbox 183 1745 295 1800; x_wconf 80' lang='lat' dir='ltr'>eremita.</span> <span class='ocrx_word' id='word_1_108' title='bbox 1018 1693 1020 1824; x_wconf 70' lang='grc' dir='ltr'>Ι</span> 
     </span>
     <span class='ocr_line' id='line_1_15' title="bbox 121 1825 1020 1928; baseline 0 -21"><span class='ocrx_word' id='word_1_109' title='bbox 121 1828 133 1928; x_wconf 71' lang='lat' dir='ltr'>‚l</span> <span class='ocrx_word' id='word_1_110' title='bbox 219 1855 242 1906; x_wconf 84' lang='lat'>4.</span> <span class='ocrx_word' id='word_1_111' title='bbox 263 1851 335 1923; x_wconf 82' lang='lat' dir='ltr'>Sapo</span> <span class='ocrx_word' id='word_1_112' title='bbox 354 1852 470 1908; x_wconf 86' lang='lat' dir='ltr'>meliores</span> <span class='ocrx_word' id='word_1_113' title='bbox 488 1852 517 1907; x_wconf 90' lang='lat' dir='ltr'>in</span> <span class='ocrx_word' id='word_1_114' title='bbox 535 1853 702 1908; x_wconf 84' lang='lat' dir='ltr'>aestimatione</span> <span class='ocrx_word' id='word_1_115' title='bbox 722 1852 853 1908; x_wconf 87' lang='lat' dir='ltr'>hominum</span> <span class='ocrx_word' id='word_1_116' title='bbox 876 1853 978 1924; x_wconf 85' lang='lat' dir='ltr'>gravius</span> <span class='ocrx_word' id='word_1_117' title='bbox 1017 1825 1020 1862; x_wconf 49' lang='lat'>³</span> 
     </span>
    </p>
   </div>
   <div class='ocr_carea' id='block_1_7' title="bbox 121 1931 1019 2075">
    <p class='ocr_par' dir='ltr' id='par_1_8' title="bbox 121 1931 1020 2075">
     <span class='ocr_line' id='line_1_16' title="bbox 121 1931 1019 2075; baseline -0.006 -56"><span class='ocrx_word' id='word_1_118' title='bbox 121 1931 132 2019; x_wconf 69' lang='lat' dir='ltr'>l</span> <span class='ocrx_word' id='word_1_119' title='bbox 182 1959 318 2031; x_wconf 84' lang='lat' dir='ltr'>periclitati</span> <span class='ocrx_word' id='word_1_120' title='bbox 346 1964 407 2015; x_wconf 86' lang='lat' dir='ltr'>sunt</span> <span class='ocrx_word' id='word_1_121' title='bbox 433 1963 538 2032; x_wconf 86' lang='lat' dir='ltr'>propter</span> <span class='ocrx_word' id='word_1_122' title='bbox 567 1979 639 2016; x_wconf 89' lang='lat' dir='ltr'>suam</span> <span class='ocrx_word' id='word_1_123' title='bbox 665 1959 770 2015; x_wconf 78' lang='lat' dir='ltr'>nimiam</span> <span class='ocrx_word' id='word_1_124' title='bbox 793 1958 976 2014; x_wconf 82' lang='lat' dir='ltr'>confidentiam.</span> <span class='ocrx_word' id='word_1_125' title='bbox 1017 1990 1019 2075; x_wconf 74' lang='grc' dir='ltr'>Ι</span> 
     </span>
    </p>
   </div>
   <div class='ocr_carea' id='block_1_8' title="bbox 120 2024 1019 2157">
    <p class='ocr_par' dir='ltr' id='par_1_9' title="bbox 120 2024 1019 2157">
     <span class='ocr_line' id='line_1_17' title="bbox 120 2024 1019 2157; baseline -0.006 -34"><span class='ocrx_word' id='word_1_126' title='bbox 120 2024 132 2149; x_wconf 65' lang='lat' dir='ltr'>‚l</span> <span class='ocrx_word' id='word_1_127' title='bbox 182 2065 258 2121; x_wconf 88' lang='lat' dir='ltr'>Unde</span> <span class='ocrx_word' id='word_1_128' title='bbox 275 2066 363 2122; x_wconf 82' lang='lat' dir='ltr'>multis</span> <span class='ocrx_word' id='word_1_129' title='bbox 380 2067 469 2122; x_wconf 85' lang='lat' dir='ltr'>utilius</span> <span class='ocrx_word' id='word_1_130' title='bbox 487 2069 535 2132; x_wconf 85' lang='lat' dir='ltr'>eat,</span> <span class='ocrx_word' id='word_1_131' title='bbox 553 2070 584 2122; x_wconf 86' lang='lat' dir='ltr'>ut</span> <span class='ocrx_word' id='word_1_132' title='bbox 601 2085 654 2122; x_wconf 89' lang='lat' dir='ltr'>non</span> <span class='ocrx_word' id='word_1_133' title='bbox 669 2065 772 2137; x_wconf 84' lang='lat' dir='ltr'>penitus</span> <span class='ocrx_word' id='word_1_134' title='bbox 793 2064 977 2120; x_wconf 81' lang='lat' dir='ltr'>tentationibus</span> <span class='ocrx_word' id='word_1_135' title='bbox 1017 2132 1019 2157; x_wconf 50' lang='grc' dir='ltr'>Ι</span> 
     </span>
    </p>
   </div>
   <div class='ocr_carea' id='block_1_9' title="bbox 115 2161 1048 3216">
    <p class='ocr_par' dir='ltr' id='par_1_10' title="bbox 117 2161 1048 2713">
     <span class='ocr_line' id='line_1_18' title="bbox 119 2161 1048 2283; baseline -0.005 -52"><span class='ocrx_word' id='word_1_136' title='bbox 119 2161 131 2283; x_wconf 44' lang='grc' dir='ltr'><strong><em>Π</em></strong></span> <span class='ocrx_word' id='word_1_137' title='bbox 181 2179 291 2242; x_wconf 84' lang='lat' dir='ltr'>careant,</span> <span class='ocrx_word' id='word_1_138' title='bbox 304 2175 350 2232; x_wconf 84' lang='lat' dir='ltr'>aed</span> <span class='ocrx_word' id='word_1_139' title='bbox 361 2176 453 2248; x_wconf 81' lang='lat' dir='ltr'>sapius</span> <span class='ocrx_word' id='word_1_140' title='bbox 462 2176 652 2248; x_wconf 68' lang='lat' dir='ltr'>impugnentur,</span> <span class='ocrx_word' id='word_1_141' title='bbox 664 2194 698 2230; x_wconf 91' lang='lat' dir='ltr'>ne</span> <span class='ocrx_word' id='word_1_142' title='bbox 708 2175 815 2230; x_wconf 89' lang='lat' dir='ltr'>nimium</span> <span class='ocrx_word' id='word_1_143' title='bbox 824 2172 908 2228; x_wconf 84' lang='lat' dir='ltr'>securi</span> <span class='ocrx_word' id='word_1_144' title='bbox 916 2172 975 2238; x_wconf 85' lang='lat' dir='ltr'>sint,</span> <span class='ocrx_word' id='word_1_145' title='bbox 1016 2178 1019 2196; x_wconf 86' lang='lat'><strong>⁴</strong></span> <span class='ocrx_word' id='word_1_146' title='bbox 1047 2185 1048 2188; x_wconf 73' lang='grc'>’</span> 
     </span>
     <span class='ocr_line' id='line_1_19' title="bbox 119 2276 1019 2381; baseline -0.007 -40"><span class='ocrx_word' id='word_1_147' title='bbox 119 2276 130 2381; x_wconf 55' lang='lat' dir='ltr'>il</span> <span class='ocrx_word' id='word_1_148' title='bbox 180 2281 635 2354; x_wconf 81' lang='lat' dir='ltr'>nelorteinsuperbiamelerentur,</span> <span class='ocrx_word' id='word_1_149' title='bbox 648 2299 681 2338; x_wconf 89' lang='lat' dir='ltr'>ne</span> <span class='ocrx_word' id='word_1_150' title='bbox 697 2283 774 2338; x_wconf 87' lang='lat' dir='ltr'>etiam</span> <span class='ocrx_word' id='word_1_151' title='bbox 790 2282 822 2337; x_wconf 87' lang='lat' dir='ltr'>ad</span> <span class='ocrx_word' id='word_1_152' title='bbox 838 2276 976 2338; x_wconf 78' lang='lat' dir='ltr'>exieriorea</span> <span class='ocrx_word' id='word_1_153' title='bbox 1016 2305 1019 2335; x_wconf 91' lang='lat'><em>:</em></span> 
     </span>
     <span class='ocr_line' id='line_1_20' title="bbox 118 2348 1019 2479; baseline 0.003 -37"><span class='ocrx_word' id='word_1_154' title='bbox 118 2348 130 2469; x_wconf 66' lang='lat' dir='ltr'>ll</span> <span class='ocrx_word' id='word_1_155' title='bbox 180 2388 493 2444; x_wconf 82' lang='lat' dir='ltr'>oonsolationeslioentius</span> <span class='ocrx_word' id='word_1_156' title='bbox 506 2388 639 2444; x_wconf 85' lang='lat' dir='ltr'>declinent.</span> <span class='ocrx_word' id='word_1_157' title='bbox 670 2389 748 2460; x_wconf 91' lang='lat' dir='ltr'>Oqui</span> <span class='ocrx_word' id='word_1_158' title='bbox 755 2407 886 2460; x_wconf 89' lang='lat' dir='ltr'>nunquam</span> <span class='ocrx_word' id='word_1_159' title='bbox 894 2393 975 2445; x_wconf 83' lang='lat' dir='ltr'>trans-</span> <span class='ocrx_word' id='word_1_160' title='bbox 1016 2357 1019 2479; x_wconf 69' lang='lat' dir='ltr'>l</span> 
     </span>
     <span class='ocr_line' id='line_1_21' title="bbox 118 2474 1018 2577; baseline 0.003 -27"><span class='ocrx_word' id='word_1_161' title='bbox 118 2474 129 2577; x_wconf 68' lang='lat' dir='ltr'>ll</span> <span class='ocrx_word' id='word_1_162' title='bbox 179 2496 280 2550; x_wconf 89' lang='lat' dir='ltr'>itoriam</span> <span class='ocrx_word' id='word_1_163' title='bbox 295 2495 410 2552; x_wconf 68' lang='lat' dir='ltr'>letitiam</span> <span class='ocrx_word' id='word_1_164' title='bbox 428 2500 559 2568; x_wconf 79' lang='lat' dir='ltr'>quareret,</span> <span class='ocrx_word' id='word_1_165' title='bbox 573 2497 829 2569; x_wconf 88' lang='lat' dir='ltr'>quinuuquamoum</span> <span class='ocrx_word' id='word_1_166' title='bbox 841 2497 975 2553; x_wconf 87' lang='lat' dir='ltr'>mundose</span> <span class='ocrx_word' id='word_1_167' title='bbox 1016 2484 1018 2575; x_wconf 71' lang='lat' dir='ltr'>l</span> 
     </span>
     <span class='ocr_line' id='line_1_22' title="bbox 117 2600 973 2713; baseline 0.005 -57"><span class='ocrx_word' id='word_1_168' title='bbox 117 2600 129 2713; x_wconf 53' lang='lat' dir='ltr'>y</span> <span class='ocrx_word' id='word_1_169' title='bbox 179 2607 321 2672; x_wconf 75' lang='lat' dir='ltr'>oocuparet,</span> <span class='ocrx_word' id='word_1_170' title='bbox 341 2621 417 2674; x_wconf 88' lang='lat' dir='ltr'>quam</span> <span class='ocrx_word' id='word_1_171' title='bbox 434 2603 527 2660; x_wconf 87' lang='lat' dir='ltr'>bonam</span> <span class='ocrx_word' id='word_1_172' title='bbox 545 2605 725 2660; x_wconf 84' lang='lat' dir='ltr'>eonscientiam</span> <span class='ocrx_word' id='word_1_173' title='bbox 742 2607 872 2661; x_wconf 86' lang='lat' dir='ltr'>servaret!</span> <span class='ocrx_word' id='word_1_174' title='bbox 892 2606 973 2678; x_wconf 89' lang='lat' dir='ltr'>Oqui</span> 
     </span>
    </p>

    <p class='ocr_par' dir='ltr' id='par_1_11' title="bbox 117 2700 974 2784">
     <span class='ocr_line' id='line_1_23' title="bbox 117 2700 974 2784; baseline 0.001 -17"><span class='ocrx_word' id='word_1_175' title='bbox 117 2700 119 2767; x_wconf 86' lang='lat' dir='ltr'>l</span> <span class='ocrx_word' id='word_1_176' title='bbox 178 2727 278 2764; x_wconf 85' lang='lat' dir='ltr'>omnem</span> <span class='ocrx_word' id='word_1_177' title='bbox 295 2729 386 2766; x_wconf 83' lang='lat' dir='ltr'>vanam</span> <span class='ocrx_word' id='word_1_178' title='bbox 409 2711 604 2768; x_wconf 86' lang='lat' dir='ltr'>sollicitudinem</span> <span class='ocrx_word' id='word_1_179' title='bbox 627 2715 778 2784; x_wconf 82' lang='lat' dir='ltr'>amputaret,</span> <span class='ocrx_word' id='word_1_180' title='bbox 797 2715 824 2768; x_wconf 90' lang='lat' dir='ltr'>et</span> <span class='ocrx_word' id='word_1_181' title='bbox 849 2711 974 2768; x_wconf 85' lang='lat' dir='ltr'>duntaxat</span> 
     </span>
    </p>

    <p class='ocr_par' dir='ltr' id='par_1_12' title="bbox 115 2783 1025 3216">
     <span class='ocr_line' id='line_1_24' title="bbox 116 2783 1017 2898; baseline 0.003 -26"><span class='ocrx_word' id='word_1_182' title='bbox 116 2783 119 2888; x_wconf 77' lang='lat' dir='ltr'>l</span> <span class='ocrx_word' id='word_1_183' title='bbox 177 2817 428 2874; x_wconf 78' lang='lat' dir='ltr'>salutariaaedivina</span> <span class='ocrx_word' id='word_1_184' title='bbox 439 2821 570 2890; x_wconf 81' lang='lat' dir='ltr'>cogitaret,</span> <span class='ocrx_word' id='word_1_185' title='bbox 581 2824 608 2876; x_wconf 88' lang='lat' dir='ltr'>et</span> <span class='ocrx_word' id='word_1_186' title='bbox 619 2824 701 2876; x_wconf 86' lang='lat' dir='ltr'>totam</span> <span class='ocrx_word' id='word_1_187' title='bbox 709 2839 780 2893; x_wconf 85' lang='lat' dir='ltr'>spem</span> <span class='ocrx_word' id='word_1_188' title='bbox 792 2838 864 2875; x_wconf 87' lang='lat' dir='ltr'>suam</span> <span class='ocrx_word' id='word_1_189' title='bbox 875 2819 972 2875; x_wconf 85' lang='lat' dir='ltr'>inDno</span> <span class='ocrx_word' id='word_1_190' title='bbox 1015 2798 1017 2898; x_wconf 63' lang='lat' dir='ltr'>l</span> 
     </span>
     <span class='ocr_line' id='line_1_25' title="bbox 116 2896 1025 3007; baseline 0.004 -29"><span class='ocrx_word' id='word_1_191' title='bbox 116 2896 128 2999; x_wconf 67' lang='lat' dir='ltr'>l}</span> <span class='ocrx_word' id='word_1_192' title='bbox 177 2925 351 2991; x_wconf 85' lang='lat' dir='ltr'>eonatilueret,</span> <span class='ocrx_word' id='word_1_193' title='bbox 361 2945 436 2997; x_wconf 87' lang='lat' dir='ltr'>quam</span> <span class='ocrx_word' id='word_1_194' title='bbox 444 2930 690 2999; x_wconf 82' lang='lat' dir='ltr'>magnampaoemet</span> <span class='ocrx_word' id='word_1_195' title='bbox 699 2927 810 2999; x_wconf 87' lang='lat' dir='ltr'>quietem</span> <span class='ocrx_word' id='word_1_196' title='bbox 818 2926 969 2999; x_wconf 84' lang='lat' dir='ltr'>possideret!</span> <span class='ocrx_word' id='word_1_197' title='bbox 1023 2988 1025 3007; x_wconf 29' lang='grc' dir='ltr'><strong><em>ι</em></strong></span> 
     </span>
     <span class='ocr_line' id='line_1_26' title="bbox 115 2998 972 3123; baseline 0.007 -41"><span class='ocrx_word' id='word_1_198' title='bbox 115 2998 127 3123; x_wconf 43' lang='grc' dir='ltr'><strong><em>ζ</em></strong></span> <span class='ocrx_word' id='word_1_199' title='bbox 212 3033 235 3083; x_wconf 85' lang='grc'>5.</span> <span class='ocrx_word' id='word_1_200' title='bbox 254 3029 339 3085; x_wconf 90' lang='lat' dir='ltr'>Nemo</span> <span class='ocrx_word' id='word_1_201' title='bbox 360 3030 452 3102; x_wconf 83' lang='lat' dir='ltr'>dignus</span> <span class='ocrx_word' id='word_1_202' title='bbox 470 3041 510 3088; x_wconf 83' lang='lat' dir='ltr'>est</span> <span class='ocrx_word' id='word_1_203' title='bbox 531 3033 628 3088; x_wconf 88' lang='lat' dir='ltr'>eoelesti</span> <span class='ocrx_word' id='word_1_204' title='bbox 649 3033 828 3098; x_wconf 78' lang='lat' dir='ltr'>consolatione,</span> <span class='ocrx_word' id='word_1_205' title='bbox 847 3033 897 3088; x_wconf 88' lang='lat' dir='ltr'>nisi</span> <span class='ocrx_word' id='word_1_206' title='bbox 918 3032 972 3087; x_wconf 91' lang='lat' dir='ltr'>dili·</span> 
     </span>
     <span class='ocr_line' id='line_1_27' title="bbox 123 3126 970 3216; baseline 0.007 -28"><span class='ocrx_word' id='word_1_207' title='bbox 123 3126 126 3216; x_wconf 56' lang='lat'>}</span> <span class='ocrx_word' id='word_1_208' title='bbox 175 3139 265 3207; x_wconf 87' lang='lat' dir='ltr'>genter</span> <span class='ocrx_word' id='word_1_209' title='bbox 288 3155 316 3191; x_wconf 86' lang='lat' dir='ltr'>se</span> <span class='ocrx_word' id='word_1_210' title='bbox 340 3139 481 3194; x_wconf 81' lang='lat' dir='ltr'>exercuerit</span> <span class='ocrx_word' id='word_1_211' title='bbox 501 3139 529 3193; x_wconf 92' lang='lat' dir='ltr'>in</span> <span class='ocrx_word' id='word_1_212' title='bbox 549 3143 638 3194; x_wconf 85' lang='lat' dir='ltr'>saneta</span> <span class='ocrx_word' id='word_1_213' title='bbox 655 3139 855 3211; x_wconf 80' lang='lat' dir='ltr'>compunctione.</span> <span class='ocrx_word' id='word_1_214' title='bbox 893 3138 970 3194; x_wconf 81' lang='lat' dir='ltr'>Siris</span> 
     </span>
    </p>
   </div>
   <div class='ocr_carea' id='block_1_10' title="bbox 0 0 1266 3844">
    <p class='ocr_par' dir='ltr' id='par_1_13' title="bbox 0 0 1266 3844">
     <span class='ocr_line' id='line_1_28' title="bbox 0 0 1266 3844; baseline 0 3"><span class='ocrx_word' id='word_1_215' title='bbox 0 0 1266 3844; x_wconf 95' lang='lat' dir='ltr'> </span> 
     </span>
    </p>
   </div>
  </div>
 </body>
</html>
