2524 3844
516 463 565 512 DE
583 458 805 510 IMITATIONE

266 595 415 665 officiatem.
451 595 529 648 Arnen
552 595 607 648 dico
630 595 705 658 nobb,
727 610 799 661 cuper
822 591 902 644 σηπία
925 589 988 642 bosus
1011 587 1063 643 Sua

267 702 398 754 constitae!
408 708 480 755 ermr'.

593 883 735 922 w

564 1066 683 1122 orror
705 1037 764 1122 xx.

397 1255 433 1293 DE
451 1253 546 1294 AMORE
565 1253 736 1294 somonnus
754 1254 788 1293 ΕΤ
807 1253 935 1294 sumum.

305 1392 328 1445 1.
347 1389 441 1449 Quaere
453 1392 541 1462 aptum
558 1393 659 1462 tempus
671 1389 777 1446 vacandi
787 1389 843 1456 tibi,
857 1393 883 1445 ct
896 1389 927 1446 de
938 1389 1065 1446 beneficiis

269 1497 325 1552 Dnr
336 1497 483 1568 frequenter
494 1495 586 1567 cogita.
610 1494 737 1566 Relinque
748 1494 855 1550 curiosa.
879 1493 953 1550 Tales
964 1493 1066 1566 perlege

269 1601 394 1667 materias,
420 1619 476 1672 quoe
500 1600 719 1673 compunctionem
739 1601 820 1673 magis
844 1603 966 1673 praestant
990 1619 1066 1672 quam

269 1706 466 1778 occupationem.
486 1706 514 1761 Si
524 1710 552 1762 te
564 1706 720 1762 subtraxeris
729 1707 885 1779 asupcrlluis
894 1705 1065 1762 locutionibus

269 1815 296 1867 et
308 1812 396 1868 otiosis
408 1812 605 1880 circuitionibus,
618 1831 666 1868 nco
677 1830 729 1868 non
744 1830 760 1867 a
775 1811 932 1868 novitatibus
944 1815 971 1866 et
982 1828 1066 1866 rumo-

269 1919 340 1975 ribus
352 1918 489 1986 audiendis,
502 1918 615 1975 iuvenies
626 1922 728 1990 tempus
740 1917 865 1974 sufficiens
877 1921 904 1972 et
916 1920 1003 1987 aptum
1019 1933 1066 1987 pro
1106 1980 1107 1995 χ

269 2025 342 2082 bonis
362 2024 568 2082 meditationibus
587 2024 741 2080 insisteudis.
786 2023 894 2080 Maximi
915 2024 1066 2080 Sanctorum
1106 2054 1108 2095 l

269 2133 380 2188 humana
396 2133 529 2200 consortia
548 2132 594 2188 nbi
611 2135 738 2204 poterant,
756 2131 879 2198 vitabant,
903 2134 930 2187 et
952 2131 1014 2186 Duo
1038 2129 1066 2184 in
1106 2184 1108 2193 ,

269 2242 369 2294 secreto
385 2238 471 2294 vivere
484 2238 619 2311 eligebant.

305 2348 330 2400 2.
349 2345 424 2400 Dixit
436 2345 553 2417 quidam:
574 2345 708 2405 “Quoties
720 2346 788 2401 inter
799 2345 914 2400 homines
923 2345 968 2411 fui,
981 2344 1064 2399 minor
1107 2349 1109 2411 l

269 2453 344 2506 homo
356 2451 457 2507 redii².'’
493 2452 553 2507 Hoc
565 2451 657 2523 saepius
670 2452 822 2523 experimur,
837 2450 936 2523 quando
949 2450 994 2505 diu
1006 2468 1063 2506 con·
1107 2476 1109 2524 5

268 2561 417 2616 fabulamur.
453 2559 564 2614 Facilius
573 2562 613 2614 est
625 2557 726 2614 omnino
738 2561 830 2625 tacere,
841 2575 917 2629 quam
925 2556 1002 2612 verbo
1010 2574 1063 2611 non
1107 2525 1110 2617 l

267 2665 395 2722 excedere.
431 2665 540 2721 Facilius
553 2669 593 2721 est
605 2664 674 2721 domi
684 2665 770 2732 latere,
783 2665 932 2736 quumsoris
944 2685 972 2722 se
987 2681 1063 2738 posse
1108 2679 1111 2754 p

267 2780 421 2837 sufficienter
432 2781 567 2837 custodiro.
604 2780 658 2840 Qui
673 2781 753 2853 igitur
768 2779 878 2836 intendit
895 2779 928 2836 ud
942 2781 1063 2837 interiora
1109 2804 1111 2846 l

267 2890 294 2942 et
305 2886 447 2959 spiritualia
456 2887 595 2959 pervenire,
608 2890 710 2958 oportet
721 2904 781 2941 curn
799 2904 858 2941 cum
875 2886 944 2942 Jnsu
961 2885 1063 2942 aturba
1110 2849 1112 2954 l

267 2993 398 3050 declinare.
435 2993 518 3049 Nemo
530 3011 618 3048 secure
630 2996 741 3065 apparet,
754 2992 805 3047 nisi
816 2992 860 3064 qui
870 2992 978 3048 libenter
989 2993 1061 3048 latet.

324 3168 329 3190 ¹
339 3163 445 3202 Sententia
452 3165 484 3201 ent
492 3113 735 3211 sponsiliiclliiliprii'
743 3113 782 3211 tufi
792 3163 818 3209 1),
827 3162 863 3201 uod
871 3162 918 3201 sllls
927 3163 1000 3201 vorbis.
