2524 3844
215 307 1156 364 “““““““·“·“·-·--..Ε.

278 449 309 494 28
530 441 580 496 ΠΕ
599 444 818 496 ΙΜῙΤΑΤΙΟΝΕ

277 577 358 634 amici.
395 578 449 634 Sibi
471 578 533 651 ipsis
556 579 708 636 videbantur
724 584 846 653 tanquam
865 579 939 636 nihili
961 584 988 637 et
1011 582 1072 638 huie

276 686 370 742 mundo
378 686 501 758 despecti;
515 687 560 743 sed
566 691 638 743 erant
646 688 760 743 inoonlis
768 688 824 742 Dn1
830 688 936 759 pretiosi
944 692 970 744 et
979 687 1071 744 dilecti.

275 797 376 852 Inrero
381 796 525 854 hnmilitate
532 797 671 863 stabantin
678 797 785 869 simplici
792 795 936 851 obedientis
942 795 1069 862 vivebant,

274 905 302 960 in
313 905 419 962 caritate
430 908 457 960 et
470 904 594 977 patientie
608 904 786 971 ambulabant3
806 907 832 958 et
848 902 905 958 ideo
918 901 1031 974 quotidie
1042 903 1071 958 in

274 1013 367 1085 spiriti
386 1012 558 1084 proficiebant,
577 1015 604 1068 et
627 1029 745 1084 magnam
768 1010 837 1082 apud
855 1011 944 1066 Dnnn
960 1010 1070 1082 gretiam

273 1119 428 1175 obtinebant.
464 1120 528 1175 Doti
540 1123 600 1175 sunt
611 1119 639 1175 in
650 1119 793 1190 exemplum
804 1118 922 1173 omnibns
932 1118 1067 1190 religiosis,

272 1233 299 1284 et
310 1229 368 1301 plus
375 1241 512 1301 provocare
523 1247 569 1283 nos
575 1213 671 1283 vdebent
680 1226 783 1282 adbene
791 1223 981 1298 proficiendum,
992 1243 1068 1296 quem

271 1337 417 1409 tepidorum
428 1321 549 1392 ninnenns
562 1334 595 1390 od
604 1333 775 1390 relaxandum.

305 1449 329 1499 5.
348 1445 372 1498 Ο
384 1447 494 1515 quantus
505 1425 590 1498 fervor
601 1443 713 1497 omnium
724 1441 899 1514 religiosorem
907 1441 935 1495 in
943 1439 1066 1511 principio

269 1569 322 1608 sure
334 1554 428 1607 sanotae
445 1546 614 1606 institutionis
625 1549 690 1605 init!
711 1549 734 1605 0
749 1553 845 1621 quanta
858 1548 959 1604 devotio
972 1548 1065 1604 oratio-

267 1658 322 1714 nis!
342 1661 438 1730 qusntn
448 1657 574 1736 aemulatio
589 1657 711 1724 virtutis!
732 1676 808 1729 qnam
823 1676 916 1730 magne
931 1658 1064 1730 disciplina

266 1765 364 1838 viguit!
384 1767 480 1837 qnontn
490 1765 632 1821 reverentie
643 1767 670 1820 et
681 1764 825 1820 obedientia
842 1765 995 1838 subregulo
1012 1785 1063 1822 ma·

266 1871 341 1944 gistri
362 1871 391 1926 in
407 1871 524 1928 omnibus
547 1871 672 1927 effloruit!
697 1871 836 1927 Testantnr
853 1871 935 1928 adhue
952 1861 1061 1946 vestigio

265 1975 391 2044 derelicta,
405 1978 473 2050 quod
484 1997 543 2034 vero
557 1977 606 2034 sini
623 1979 705 2034 saneti
719 1981 746 2033 et
756 1979 869 2050 ·perfooti
884 1979 996 2048 suerrmt,
1015 1971 1064 2053 qni

263 2085 317 2139 tam
329 2089 432 2142 strenue
446 2086 584 2141 militantes
594 2084 719 2140 mundum
730 2074 964 2158 suppeditaverunt.
1001 2089 1019 2144 J
1019 2108 1059 2145 sm

263 2213 370 2266 magnus
381 2196 495 2264 putatur,
509 2193 532 2248 si
543 2193 600 2264 quis
611 2195 785 2264 transgressor
798 2210 851 2249 non
861 2192 947 2260 inerit,
958 2194 980 2250 si
992 2195 1056 2267 quis,

263 2301 331 2373 qnod
342 2301 446 2372 aoeepit,
460 2319 519 2356 oum
529 2279 653 2372 patientia
663 2300 772 2356 tolerare
781 2301 903 2372 potnerit.

297 2408 321 2461 6.
339 2406 362 2461 0
374 2409 448 2477 tepor
459 2409 486 2462 et
496 2387 652 2479 negligentis
663 2410 746 2462 status
757 2408 847 2473 nostri,
860 2409 928 2480 qnod
938 2413 993 2466 tam
1004 2412 1059 2467 cito

261 2512 415 2568 declinemus
431 2513 567 2585 spristino
582 2515 682 2570 fervore
698 2517 791 2588 etjam
806 2515 884 2573 taedot
900 2517 984 2572 virere
1001 2537 1053 2590 prae

260 2621 409 2678 lassitudine
426 2626 453 2678 et
469 2623 574 2695 tepore!
602 2623 708 2679 Utinam
724 2625 752 2680 in
768 2628 796 2681 to
811 2625 913 2696 penitus
929 2643 980 2680 non
998 2626 1052 2681 dor-

260 2723 335 2783 iniret
358 2728 487 2800 profectus
510 2729 642 2797 virtutum,
668 2731 712 2802 qui
730 2732 811 2787 multa
828 2732 919 2804 sepius
937 2714 1052 2804 exernpln

259 2830 347 2888 vidisti
358 2831 524 2888 devotorum!
