2528 3850
435 452 579 501 CHRISTI
597 452 640 500 lv.
659 453 696 508 14,
710 451 748 501 16.
936 455 983 502 249

136 602 138 643 ÷
195 610 248 650 non
259 594 327 648 esset
338 589 437 646 infirmo
453 588 550 644 homini
559 587 624 644 bene
639 586 770 659 portabile
808 587 948 659 Propterea
957 587 985 643 in

196 699 263 755 bone
278 716 323 770 spe
338 701 365 753 ct
380 695 471 752 humili
487 695 611 767 patientie
622 693 778 764 expectando
789 697 829 750 eet
845 693 985 751 devotionis

196 793 286 865 gretie
316 790 374 846 (libi
381 793 467 845 tamen
478 791 505 844 et
515 789 625 861 peccetis
634 789 687 844 tuis
698 789 803 860 imputo,
812 806 871 844 cnm
881 806 934 843 non
945 787 986 844 dn·

196 903 248 964 tur,
260 896 301 953 vel
312 895 389 952 etiem
395 894 493 951 occulte
499 894 605 951 tollitur.
637 893 769 951 Modicum
780 893 929 966 quandoque
938 897 986 959 est,

197 1003 265 1077 qnod
282 1003 390 1076 gretiam
406 1001 511 1074 impedit
523 1005 550 1057 et
561 999 707 1068 abscondit5
727 1000 761 1071 (si
774 1002 860 1055 temen
870 1000 987 1054 modim

196 1113 223 1166 et
239 1127 292 1165 non
302 1109 389 1181 potius
403 1109 500 1180 mande
511 1106 562 1162 dici
578 1106 676 1174 debeat,
689 1105 758 1178 qnod
774 1109 876 1162 tentum
892 1105 987 1162 bonum

195 1215 312 1287 prohibet
322 1216 341 1285 3)
360 1215 406 1271 sed
417 1215 440 1270 oi
450 1214 499 1270 hoc
509 1214 594 1285 ipsum
606 1213 733 1269 modicum
749 1213 791 1269 vel
807 1212 902 1286 grande
920 1231 985 1268 erno

195 1320 262 1376 veris
274 1323 301 1376 et
311 1319 425 1390 perfecte
435 1318 534 1385 viceris,
547 1317 677 1402 eritquod
687 1317 792 1390 petiisti

236 1427 261 1480 3.
275 1425 388 1480 “Statim
394 1443 510 1496 nemque,
518 1426 582 1479 utto
591 1423 652 1479 Dno
660 1442 692 1479 ex
700 1426 756 1479 toto
765 1422 842 1479 corde
851 1423 985 1481 tradideris

136 1602 138 1611 .
195 1548 242 1587 nee
252 1531 301 1586 hoo
316 1530 358 1586 vel
372 1529 436 1586 illud
446 1548 493 1600 pro
504 1533 551 1585 tuo
568 1528 643 1584 libitu
659 1547 705 1586 eeu
715 1528 779 1586 velle
791 1529 927 1600 quesieris,
940 1529 986 1585 sed

136 1624 137 1633 ¹
193 1636 293 1708 integre
304 1638 331 1690 te
342 1635 370 1690 in
380 1634 430 1690 Illo
447 1634 570 1706 posueris,
582 1633 685 1688 unitum
701 1637 728 1689 te
739 1633 851 1689 invenies
869 1637 896 1689 et
913 1651 985 1704 pece-

193 1740 250 1796 tuni
261 1761 269 1806 ς
286 1740 346 1812 quie
356 1739 392 1795 nil
402 1740 440 1796 ite
450 1739 499 1795 tibi
510 1739 590 1813 sapiet
602 1743 629 1795 et
640 1738 757 1811 placebit,
767 1739 834 1796 siout
845 1739 985 1812 beneplaci-

193 1851 250 1901 tum
272 1831 372 1902 Divino
394 1846 541 1902 voluntatis.
586 1845 710 1917 Quisquis
733 1863 794 1918 ergo
817 1846 984 1902 intentionem

193 1970 265 2014 suem
275 1953 393 2024 «simplici
410 1952 484 2008 corde
496 1971 598 2008 sursum
616 1952 649 2008 ed
665 1953 755 2008 Dnvrr
764 1953 895 2022 levaverit,
906 1971 984 2024 oeque

192 2058 224 2126 eb
247 2059 316 2129 omni
337 2059 481 2116 inordinato
501 2077 585 2115 amore
603 2079 650 2116 seu
668 2059 827 2132 displicentia
843 2060 983 2134 cujuslibet

191 2165 230 2222 rei
246 2170 337 2222 credre
355 2166 523 2233 evacuaverit,
540 2165 686 2239 aptissimus
702 2167 791 2240 gretie
808 2166 983 2239 percipiendo,

191 2287 222 2350 eo
232 2270 324 2344 dignun
336 2271 477 2329 devotionis
487 2290 591 2328 munere
609 2272 666 2329 erit.
701 2272 754 2327 Det
766 2271 833 2328 enim
849 2272 983 2328 Domus

191 2376 228 2440 ibi
243 2376 444 2435 benedictionem
462 2378 546 2445 Suam,
558 2377 605 2434 ubi
614 2396 677 2434 vaso
686 2395 767 2433 vacua
777 2378 910 2446 invenerit.
945 2377 982 2434 nt

192 2487 286 2556 quanto
301 2484 439 2556 perfectius
455 2484 560 2540 infirmis
578 2484 635 2556 quis
647 2484 786 2550 renunciet,
800 2487 827 2540 et
837 2485 918 2556 magio
930 2484 981 2540 sibi

191 2591 240 2663 ipsi
251 2610 296 2664 per
307 2595 480 2664 contemptum
492 2592 534 2647 sui
549 2591 665 2657 morien,
682 2593 756 2646 tento
773 2591 856 2663 gratie
872 2590 980 2648 oderice

190 2703 269 2769 venit,
280 2703 406 2776 copiosius
417 2703 504 2769 intret,
517 2705 544 2758 et
555 2701 632 2758 altius
642 2701 750 2758 liberum
756 2719 800 2758 eor
811 2701 901 2758 elevat.

225 2814 251 2872 4.
265 2813 359 2892 “'llrne
366 2811 469 2890 videbit,
480 2815 506 2868 et
513 2813 605 2882 affluet,
614 2815 640 2868 et
648 2811 789 2880 mirabitur,
798 2816 825 2869 et
834 2812 981 2869 dilatabitur

191 2934 235 2973 cor
246 2916 301 2988 ejus
312 2915 413 2988 inipso,
423 2917 483 2988 quie
492 2936 582 2973 monus
590 2917 818 2992 Dorrntroumillo
830 2922 878 2985 est,
888 2922 915 2974 et
925 2917 980 2989 ipse

192 3042 221 3081 ee
244 3025 329 3097 posuit
346 3025 461 3082 totaliter
477 3026 506 3082 in
524 3046 602 3083 menn
620 3028 686 3100 Ejus
702 3047 784 3100 neque
804 3027 832 3083 in
852 3026 979 3084 seculum.

191 3136 267 3204 Ecce,
285 3136 322 3193 sie
332 3136 494 3194 benedicetur
510 3138 593 3205 horno,
607 3137 652 3210 qui
667 3138 758 3212 querit
775 3139 863 3194 Dnou
878 3137 907 3195 in
923 3139 979 3194 tolo
