2546 3842
480 445 633 524 'CHRISTI
657 446 756 498 111.:r.·

212 591 266 668 siti
276 590 409 664 placuerit,
417 593 444 646 et
458 589 632 661 nonamplius.
668 585 781 648 Quidam
791 584 888 642 incauti
903 587 1007 658 propter

214 699 354 756 ductionis
366 697 474 771 gratiam
483 717 511 754 se
522 697 591 770 ipsos
601 698 789 765 destruxerunt,
801 698 861 772 quia
866 699 924 772 plus
933 715 1010 771 agere

213 807 349 864 aduerunt
361 824 437 878 quam
444 809 591 878 potuerunt,
604 824 656 861 non
666 809 802 878 pensantes
814 823 867 861 suae
875 803 1009 878 parvitatis

214 931 366 980 messmam,
379 911 425 969 sed
438 912 519 986 magis
536 912 619 969 cordis
634 913 753 969 affectum
768 915 912 985 sequentes,
933 931 1011 985 pram

214 1019 320 1076 ntionia
330 1019 462 1092 judicium.
485 1019 591 1091 Ecquis
601 1020 697 1092 majora
707 1023 922 1094 presumpserunt
934 1039 1011 1092 quarn

214 1125 406 1198 Daoplacitum
415 1126 474 1193 fuit,
482 1125 576 1182 ideirco
583 1126 691 1200 gratiam
699 1127 750 1183 cite
757 1127 930 1200 perdiderant.
938 1127 1011 1184 Facti

215 1235 276 1287 sant
282 1231 378 1304 inopes,
386 1234 414 1288 et
420 1231 485 1288 vila*
491 1232 581 1299 relicti,
592 1233 636 1306 qui
643 1233 670 1289 in
677 1233 768 1290 coelum
776 1235 913 1306 posuerant
922 1234 1011 1303 pidum
1051 1210 1053 1215 ι

215 1338 279 1407 sibi3
291 1339 490 1397 uthumiiiatiet
502 1340 666 1414 depauperati
678 1341 776 1399 discant
787 1359 840 1397 non
850 1341 878 1397 in
892 1341 938 1398 alis
956 1342 1012 1398 suis

139 1523 142 1531 Ι
214 1445 307 1512 volare,
320 1445 366 1502 sed
377 1446 425 1504 sab
441 1445 531 1520 pennis
548 1448 617 1504 Meis
635 1466 743 1520 sperare.
780 1447 834 1508 Qui
851 1447 934 1508 adhuc
950 1449 1011 1505 nari

216 1556 277 1608 sunt
288 1556 315 1609 et
325 1552 437 1626 imperiti
447 1553 476 1609 in
486 1553 529 1610 via
538 1554 656 1621 Domita
664 1553 714 1610 nisi
725 1554 829 1610 consilio
844 1553 1012 1612 disaetcrum

216 1677 245 1716 se
254 1664 354 1734 regant,
365 1661 474 1718 faciliter
486 1661 568 1734 decipi
579 1666 686 1734 possim
698 1665 725 1718 et
736 1662 815 1719 illudi

251 1772 276 1826 3.
295 1770 398 1832 “Quod
408 1773 431 1828 si
442 1791 518 1828 suam
529 1773 624 1828 sentire
634 1772 716 1846 magis
728 1773 807 1846 sequi,
818 1791 894 1846 quam
903 1773 959 1830 aliia
968 1791 1012 1829 ex·

218 1880 330 1938 ercitatis
339 1882 442 1939 credere
453 1883 550 1950 vonna
563 1883 613 1940 erit
622 1883 659 1940 eis
671 1884 828 1957 periculosus
839 1883 931 1950 exitus,
941 1884 965 1940 si
975 1888 1013 1939 ta-
1053 1871 1054 1874 ¹

217 2009 279 2047 men
289 1990 385 2047 retrahi
396 2009 412 2046 a
422 1991 526 2064 proprio
537 1996 663 2065 conceptu
672 1992 809 2050 noluerint.
834 1993 904 2048 Raro
916 1991 965 2048 sibi
976 1991 1013 2063 ip·

218 2098 255 2154 ais
268 2098 395 2171 sapientes
407 2097 439 2155 ab
455 2097 510 2154 aliis
526 2098 581 2172 regi
595 2098 726 2155 humiliter
741 2099 882 2172 patiuntur.
917 2097 1014 2154 Melina
1053 2075 1054 2078 Ἴ

218 2210 257 2263 est
269 2225 357 2280 sapere
365 2206 492 2262 medicam
501 2224 559 2262 cum
567 2206 711 2262 humilitate
719 2210 746 2262 et
752 2225 830 2278 parva
837 2205 1012 2278 intelligentia,

217 2333 293 2388 qaam
304 2315 390 2389 magni
396 2314 559 2371 scientiarum
567 2312 682 2370 thesauri
689 2331 818 2370 eumaem
825 2314 1013 2386 complacentia

218 2421 313 2478 Melius
322 2421 419 2477 esttibi
429 2421 514 2476 minus
525 2409 626 2486 habere,
640 2409 717 2492 quani
725 2411 841 2488 mutan,
849 2419 917 2475 unde
925 2437 1013 2492 posses

219 2525 355 2598 superbire.
389 2526 452 2581 Noa
463 2526 525 2581 satis
537 2525 646 2581 disnete
658 2525 721 2598 agit,
731 2525 776 2598 qui
787 2543 815 2581 se
825 2529 910 2580 totum
918 2525 1014 2582 letitiae

218 2633 305 2699 tradit,
318 2633 467 2689 obliviscens
479 2633 595 2704 pristinae
608 2633 701 2706 inopiae
719 2652 781 2701 suae,
798 2635 824 2688 et
837 2632 902 2688 casti
914 2632 1013 2688 timoris
1057 2645 1060 2688 i

219 2739 336 2804 Deum,
349 2738 394 2809 qui
405 2737 479 2794 timet
488 2739 595 2810 gratiam
604 2739 714 2796 oblatam
723 2740 846 2797 amittere.
871 2740 928 2796 Nec
938 2739 1014 2796 etiam

220 2843 283 2898 satis
298 2844 412 2900 manse
429 2845 503 2914 sapit,
521 2845 566 2916 qui
581 2849 696 2916 tempore
712 2845 871 2902 adversitatis
888 2850 920 2902 et'
931 2845 1014 2916 cujus-

221 2971 321 3024 cunque
344 2953 482 3024 graritatis
505 2953 580 3010 nimis
604 2954 737 3025 desperate
755 2972 783 3009 se
800 2953 874 3025 gerit,
887 2956 913 3008 et
930 2952 1015 3006 minua

220 3062 329 3120 fidenter
340 3063 372 3118 de
385 3063 438 3128 Me,
452 3080 529 3133 quam
540 3065 649 3134 oportet,
662 3061 828 3132 recogitatae
841 3059 927 3114 sentit.
977 3116 981 3130 ‚

256 3173 280 3226 4.
300 3170 378 3230 “Qui
394 3175 509 3241 tempore
525 3168 594 3240 pacis
612 3167 686 3223 nima
704 3185 808 3222 securus
825 3184 881 3220 esse
898 3161 1013 3230 voluerit,
