2524 3844
439 450 582 500 CHRISTI
607 451 627 498 Ι.
640 450 703 502 7-9
722 493 725 500 ,
952 448 982 496 18

483 718 601 774 CAPUT
635 715 684 772 lx„

347 881 381 919 DE
399 880 567 920 ommuni
582 881 619 930 M
637 879 826 920 smenon.

222 1017 246 1070 1.
261 1015 343 1071 Valde
354 1034 475 1088 magnum
486 1019 526 1071 est
537 1016 566 1071 in
577 1014 721 1070 obedientia
732 1016 807 1081 stare,
816 1012 863 1070 sub
875 1013 979 1085 prelato

186 1126 278 1191 vivere,
290 1128 317 1181 et
329 1125 370 1180 sui
379 1125 444 1198 juris
459 1143 512 1180 nou
527 1142 590 1180 esse.
626 1123 712 1179 Multo
723 1123 805 1178 tutius
818 1126 857 1179 est
869 1125 937 1179 sture
952 1124 980 1178 in

187 1229 342 1301 subjectione
366 1249 442 1303 quam
458 1231 487 1286 in
502 1230 645 1304 praelaturu
681 1228 762 1284 Multi
779 1232 839 1284 sunt
857 1228 904 1284 rub
922 1228 979 1285 obe-

186 1333 282 1389 dientia
298 1337 379 1408 magis
398 1356 431 1392 ex
446 1336 598 1392 nenessitate
615 1353 691 1406 quum
705 1353 738 1389 er
754 1333 876 1401 uuritute3
902 1337 928 1390 et
942 1334 980 1389 ilii

186 1455 285 1508 poeunm
299 1438 394 1494 habent
411 1442 438 1495 et
453 1438 543 1494 leviter
559 1441 726 1494 murmurant.
761 1439 819 1495 Neo
835 1438 979 1496 ubertatem

185 1543 278 1598 mentis
292 1543 430 1615 acquirent,
444 1543 495 1598 nisi
511 1561 544 1598 ex
556 1544 613 1597 toto
631 1542 706 1598 uordo
722 1547 827 1615 propter
844 1543 932 1599 Duum
950 1562 978 1600 se

186 1646 329 1718 subjiciant
351 1649 431 1704 Curre
437 1649 488 1704 huo
494 1648 536 1704 vel
542 1648 612 1704 illuc:
624 1668 676 1704 nou
684 1649 795 1705 invenies
803 1650 920 1722 quietem,
929 1651 979 1706 nisi

186 1753 214 1808 in
223 1753 314 1809 humili
324 1753 479 1826 subjectione
491 1754 539 1810 sub
550 1754 648 1827 praelnti
661 1755 790 1827 regimine.
826 1755 978 1827 Imaginatio

186 1859 298 1915 louorum
310 1864 336 1917 et
347 1861 455 1916 mutatio
467 1859 561 1915 multos
573 1858 671 1915 fefellit.

221 1967 246 2019 2,
267 1965 365 2020 Verum
383 1968 430 2031 est,
456 1966 522 2037 quod
541 1967 715 2037 unusquisque
733 1965 842 2022 libenter
860 1967 915 2040 agit
930 1985 978 2039 pro

186 2088 263 2126 seusu
274 2089 328 2137 suo,
337 2075 363 2126 et
374 2071 511 2126 inclinatur
522 2070 555 2125 ud
565 2089 608 2126 eos
617 2071 698 2143 magis
707 2072 752 2142 qui
760 2072 978 2138 seeumsentiunt.

187 2173 237 2230 Sed
250 2175 273 2231 si
289 2176 367 2231 Duus
381 2179 421 2231 est
433 2176 500 2231 inter
516 2194 571 2241 nos,
586 2194 688 2231 necesse
704 2180 744 2231 est
761 2180 790 2232 ut
808 2177 978 2248 relinquamus

186 2279 262 2338 eu'am
280 2279 429 2352 quandoque
445 2283 562 2335 nostrum
573 2280 667 2334 sentire
678 2283 783 2351 propter
793 2278 888 2336 bonum
899 2279 976 2351 punis.

186 2385 251 2454 Quis
263 2389 303 2440 ost
314 2386 352 2441 ita
363 2385 469 2456 sapiens,
479 2384 522 2455 qui
534 2383 618 2438 omnia
627 2383 700 2455 plene
713 2385 777 2440 scire
785 2386 890 2456 potest?
907 2385 977 2457 Ergo

184 2493 248 2547 nolis
255 2492 330 2548 nimis
339 2492 451 2546 insensu
459 2493 505 2544 tuo
514 2490 646 2555 confidere,
657 2490 702 2545 sed
709 2490 770 2545 velis
783 2490 859 2544 etiam
870 2489 978 2545 libenter

185 2596 291 2652 aliorum
311 2615 413 2651 sensum
434 2595 528 2650 audire.
565 2596 593 2650 Si
612 2594 707 2650 bonum
726 2599 765 2651 est
782 2598 857 2650 tuum
875 2596 976 2654 sentires

184 2707 210 2758 et
221 2703 269 2758 hou
280 2703 364 2774 ipsum
375 2705 479 2774 propter
490 2702 577 2757 Duum
593 2701 707 2767 dimittis,
721 2703 748 2756 et
763 2701 840 2756 alium
856 2701 976 2772 sequeris,

184 2809 264 2881 magis
276 2807 366 2866 exinde
377 2807 500 2880 proficies.

219 2915 243 2969 3.
261 2913 357 2982 Audivi
368 2913 435 2968 enim
447 2931 521 2984 saepe,
535 2912 647 2967 securius
660 2929 716 2966 esse
728 2910 814 2966 audire
826 2914 852 2965 et
865 2910 977 2977 aecipere

184 3022 323 3088 eonsilium,
348 3041 424 3094 quam
445 3022 512 3077 dare.
554 3023 645 3077 Potest
675 3020 752 3074 etiam
775 3022 921 3089 eontingere
947 3023 977 3074 ut
1021 3064 1023 3091 ,

184 3129 277 3186 bonum
289 3131 323 3184 sit
337 3129 535 3200 uniuscujusque
551 3129 645 3183 sentire
652 3149 660 3193 3
680 3125 725 3181 sed
742 3125 807 3180 nolle
823 3125 878 3179 aliis
894 3124 977 3194 acqui·
