2528 3850
446 436 590 486 CHRISTI
608 436 662 486 111.
678 440 719 488 54.
939 442 983 496 191

191 573 240 629 sibi
253 574 316 630 utile
334 579 361 630 ot
377 577 536 632 commodum
552 578 594 644 sit,
610 578 656 633 sed
673 577 741 650 quod
757 578 844 635 multis
858 579 982 652 proficiat,

190 681 271 752 magis
283 682 432 739 oonnderat.

225 791 250 842 5.
269 789 284 818 “
291 787 393 842 Natura
403 787 511 844 libenter
522 787 644 845 bonorem
655 793 681 846 et
692 791 860 847 reverentiam
872 791 980 864 aooipit;

191 894 280 950 Gratia
293 913 353 951 vero
370 913 471 951 ornnem
487 895 609 951 honorem
625 900 653 952 et
669 895 777 968 gloriam
793 897 855 954 Dso
872 897 980 955 fideliter

190 998 315 1058 attribuit.

225 1108 249 1161 6.
263 1106 385 1162 “Natura
391 1106 563 1161 mniusionem
571 1106 646 1162 timet
653 1111 679 1162 et
689 1111 863 1180 contemptum
867 1132 874 1175 3
888 1109 976 1165 Gratia

191 1217 276 1269 autem
288 1211 382 1284 gaudet
393 1229 440 1282 pro
450 1211 552 1267 nomine
562 1212 632 1268 Jsso
650 1213 704 1284 pati
715 1215 901 1270 oontnmeliaru.

226 1319 250 1378 7.
264 1318 384 1374 “Natura
390 1318 472 1373 otium
479 1321 547 1373 amat
554 1322 580 1374 et
590 1319 702 1390 quietem
708 1318 863 1392 corporalem
867 1342 875 1387 3
889 1320 977 1376 Gratia

191 1439 251 1478 vero
270 1440 350 1480 vaona
369 1439 489 1478 essenon
505 1426 598 1494 potest,
622 1422 668 1479 sed
689 1423 798 1480 libenter
820 1423 982 1496 amplectitur

192 1528 310 1584 laborem.

227 1639 251 1691 8.
271 1637 393 1692 “Natura
401 1637 491 1709 quaerit
500 1636 592 1692 habere
603 1635 703 1691 ouriosa
710 1639 737 1692 et
744 1635 856 1707 pulohra
864 1636 983 1692 abhorret

192 1742 250 1798 vilia
267 1746 294 1798 et
310 1761 413 1814 grosaa;
438 1742 526 1797 Gratia
545 1759 605 1797 vero
623 1741 779 1813 simplicibus
797 1740 938 1797 delectatur
955 1746 983 1798 et

191 1847 334 1913 humilibus,
354 1866 443 1920 aspere
458 1864 510 1903 non
527 1850 683 1920 aspernatur,
700 1865 748 1903 neo
760 1847 870 1903 vetustis
885 1846 982 1920 refugit

190 1949 262 2006 indui
272 1952 370 2022 pannis.

226 2059 251 2111 9.
270 2057 394 2112 “Natura
410 2057 513 2127 respioit
530 2057 685 2128 temporalia,
698 2056 793 2128 ganda
805 2056 838 2111 ad
851 2055 922 2111 luera
932 2063 982 2111 ter·

191 2180 259 2228 rena,
274 2163 392 2219 tristatur
408 2161 439 2218 de
455 2162 554 2228 damno,
571 2162 688 2218 inibatur
704 2160 755 2217 leri
771 2161 870 2234 injuriae
884 2160 979 2228 verb03

191 2270 237 2322 aed
256 2269 343 2324 Gratia
359 2267 468 2348 attendit
483 2271 584 2333 aterna,
596 2285 649 2322 non
666 2267 773 2323 iniere
793 2266 980 2339 temporalibus,

190 2392 237 2430 neo
248 2375 276 2430 iu
287 2374 427 2446 perditione
438 2392 523 2429 rerum
534 2370 664 2439 turbatur,
677 2391 759 2445 nequo
776 2373 859 2429 verbis
878 2370 982 2428 duriori-

190 2478 238 2534 bus
262 2479 401 2545 acerbatur,
427 2478 487 2549 quia
508 2477 656 2532 thesaurum
679 2496 754 2535 suum
771 2481 798 2534 et
816 2478 937 2551 gaudium
954 2479 981 2533 in

190 2585 261 2650 ooelo,
274 2584 318 2640 ubi
330 2585 367 2640 nil
377 2584 451 2655 perit,
464 2583 606 2640 oonstituit.

228 2692 267 2746 10.
287 2689 411 2746 “Natura
434 2690 525 2762 cupida
542 2693 589 2756 est,
608 2694 634 2746 ot
651 2689 772 2748 libentius
795 2691 886 2763 aooipit
904 2709 978 2762 quam

191 2794 275 2863 donat,
293 2799 361 2852 amat
372 2796 474 2868 propria
484 2799 511 2852 et
522 2797 621 2868 privata
631 2819 639 2865 3
658 2798 745 2854 Gratia
756 2801 842 2853 antem
850 2798 893 2870 pia
904 2801 979 2853 estet

190 2901 337 2966 marmonio,
350 2901 415 2957 vitat
433 2901 576 2974 singularia
589 2907 753 2961 oontentatur
769 2903 866 2975 paneis,
884 2904 980 2959 beatius

190 3007 251 3060 dare
257 3005 355 3076 judicat
367 3025 439 3077 quom
450 3011 576 3079 scaberet
670 3050 675 3056 .

505 3161 512 3180 ¹
523 3157 568 3193 Act.
578 3164 615 3194 xx.
625 3155 658 3194 35.
