2524 3844
267 443 298 490 4²
520 441 569 490 DE
588 439 807 492 ΙΜΙΤΑΤΙΟΝΕ

273 572 373 646 eulpam
390 574 471 646 magis
495 578 580 647 auget.
615 575 723 630 Utinam
745 591 792 646 per
813 591 891 628 unam
914 572 982 628 diem
1003 571 1069 629 bene
1138 560 1140 573 ⁴

272 697 385 736 essemus
405 682 588 738 eonversati'in
601 681 650 737 hoo
665 679 774 736 mundo!
805 679 886 735 Multi
904 697 983 734 annos
1002 696 1069 734 oom-

272 793 366 861 putant
377 789 554 856 conversionis,
568 788 613 844 sed
625 806 691 860 ssepe
706 805 800 859 parvus
814 789 855 842 est
869 786 969 842 fruetus
985 802 1068 840 emen-

274 895 390 951 dationis.
428 896 456 950 Si
469 893 659 951 formidolosum
675 898 716 950 est
732 892 804 959 mori,
822 891 931 948 forsitan
946 891 1068 964 periculo

274 1003 326 1058 sius
339 1003 388 1059 en‘t
400 1002 496 1058 diutins
507 1003 600 1058 vivere.
635 1001 740 1065 Beatus,
753 999 797 1071 qui
808 998 897 1054 horam
907 998 997 1054 mortis
1015 1015 1068 1052 sue

274 1127 374 1181 semper
384 1113 444 1164 onte
456 1105 541 1164 ocul&
553 1108 637 1175 habet,
650 1112 677 1164 et
695 1106 728 1162 ad
743 1106 902 1162 moriendum
912 1106 1026 1178 qnotidie
1040 1123 1068 1161 se

274 1219 393 1291 disponit.
430 1219 458 1275 Si
477 1219 565 1275 vidisti
588 1219 722 1290 aliqnando
743 1218 873 1274 hominem
891 1216 963 1283 mori,
982 1215 1069 1288 'cogita
1119 1297 1120 1300 Ἴ

274 1325 334 1396 quia
345 1328 371 1381 et
382 1329 414 1380 tu
424 1344 470 1398 per
482 1325 587 1382 eandem
598 1326 665 1382 viam
677 1325 805 1381 transibis.

311 1436 335 1488 3.
354 1434 420 1488 Cum
433 1453 507 1489 mana
523 1434 608 1500 bierit,
621 1439 686 1506 puta
702 1437 730 1488 te
744 1432 778 1488 ed
793 1451 928 1505 vesperum
943 1450 996 1486 non
1012 1450 1068 1504 per-

274 1543 418 1597 venturum.
465 1540 579 1613 Vespere
603 1543 689 1595 sutem
711 1539 787 1605 facto,
809 1557 883 1594 mane
902 1556 955 1593 non
975 1537 1068 1594 audeas

274 1647 323 1702 tibi
332 1647 451 1718 pollioeri.
489 1647 593 1719 Semper
604 1665 665 1719 ergo
676 1649 780 1718 paratus
792 1649 856 1712 esto,
869 1650 896 1702 ot
907 1645 994 1702 taliter
1002 1646 1067 1711 vive,

274 1758 305 1810 ut
316 1773 446 1827 nunquam
462 1755 616 1827 imparatum
629 1757 657 1809 te
670 1771 739 1808 mors
754 1752 875 1808 inveniat.
910 1751 992 1807 Multi
1008 1749 1069 1806 sub-

274 1865 312 1918 ito
330 1867 356 1919 et
371 1863 507 1936 improvise
520 1863 671 1918 moriuntur.
707 1861 776 1916 Nam
788 1863 855 1926 tora,
870 1879 919 1930 qua
932 1879 980 1914 non
990 1863 1069 1930 puta·

275 1976 324 2036 tur,
337 1973 418 2026 Filius
429 1974 532 2026 hominis
545 1975 660 2026 ventum
673 1968 735 2024 end.
770 1941 880 2026 Quando
897 1965 941 2020 ills
955 1968 1070 2020 extrema

274 2079 337 2133 hora
347 2078 453 2143 venerit,
465 2050 575 2132 sobitum
586 2077 660 2132 aliter
671 2075 765 2131 sentire
776 2074 881 2146 incipies
897 2072 929 2128 de
944 2075 1002 2128 tota
1011 2067 1070 2127 ¹vita

275 2187 322 2238 tua
335 2161 472 2254 praeterita
491 2187 518 2238 et
535 2183 608 2239 valde
625 2182 721 2238 dolebis
739 2182 869 2260 quietam
886 2180 1018 2253 negligens
1041 2183 1069 2234 et

275 2289 397 2344 remissus
408 2289 489 2344 fuisti.

309 2399 335 2452 4.
354 2396 440 2456 Quam
450 2396 512 2454 felin
523 2400 550 2452 et
561 2396 680 2469 prudens,
694 2395 807 2468 quitatis
821 2413 890 2450 nune
906 2395 999 2450 nib'tnr
1013 2413 1069 2451 esse

274 2505 302 2559 in
312 2503 373 2568 vita,
387 2502 467 2574 quadis
479 2507 551 2575 optat
568 2503 677 2559 inveniri
692 2504 720 2559 in
733 2503 830 2558 morte!
864 2503 944 2559 Dabit
959 2522 1069 2576 namque

274 2629 392 2684 magnam
401 2611 518 2666 fiduciam
525 2611 632 2666 feliciter
638 2601 763 2666 moriendi
768 2609 896 2682 perfectus
906 2614 1069 2683 contemptus

273 2717 370 2784 mundi,
382 2718 482 2774 fervens
494 2717 825 2774 desideriuminviitutibus
833 2715 987 2788 proficiendi,
998 2735 1069 2772 amor

274 2823 419 2896 discipline,
433 2799 510 2880 ¹labor
531 2825 694 2897 poenitentioe,
714 2823 889 2896 promptitudo
910 2824 1067 2891 obedientiae,

274 2930 408 3004 abnegatio
420 2931 467 2998 sui,
481 2934 507 2986 et
522 2931 681 3004 suppostatio
693 2930 828 3003 cujuslibet
846 2931 1007 2988 adversitatis
1021 2933 1070 3004 pro

570 3137 580 3168 i
593 3140 612 3179 a
622 3139 674 3181 Met.
682 3141 742 3181 xxiv.
751 3142 782 3182 44.

614 3335 711 3342 Μ--ψ
727 3337 753 3342 .-
