2524 3844
544 326 828 333 -—-----
844 295 1058 354 --—-.o2

452 447 598 497 CHRISTI
621 447 642 496 1.
657 447 694 506 1⁷,
709 449 744 498 m
960 451 991 504 2⁷

198 576 325 648 Apostoli,
349 575 486 650 Mertyxes,
506 578 678 646 Confessores,
698 578 827 652 Virgines,
852 581 879 636 et
902 582 993 654 reliqui

199 701 293 750 omnes,
306 685 351 756 qni
363 685 479 758 Gnatam
490 686 599 758 vestigia
613 686 748 742 voluerunt
760 687 846 758 sequi!
860 687 929 743 Nem
941 689 992 746 sni-

198 809 252 846 mes
264 809 323 846 anas
334 791 363 846 in
373 791 422 847 hoo
429 791 524 847 mundo
533 791 649 859 oderunt,
659 797 689 848 ut
698 793 726 848 in
734 797 854 850 eternam
861 795 941 852 vitan
949 815 992 853 eas

198 898 365 970 possiderent.
401 898 508 970 Oquam
515 899 631 954 striatam
639 903 666 956 et
674 900 815 957 abdicatam
822 902 902 958 vitam
911 903 994 960 saneti

198 1007 417 1064 Patresineremo
429 1007 568 1063 duxerunt!
589 1025 665 1079 quam
673 1007 765 1080 longas
773 1012 799 1062 et
808 1026 899 1080 graves
908 1010 993 1064 tenta-

150 1156 152 1189 5
197 1113 280 1170 tiones
297 1114 472 1186 pertulerunt!
492 1132 569 1185 qnam
584 1113 730 1186 frequenter
744 1113 776 1170 ab
789 1114 897 1192 inimioo
907 1115 995 1172 vexati

150 1208 152 1220 ἰ
197 1223 269 1280 sunt!
284 1222 466 1293 quamcrebms
476 1225 502 1277 et
510 1221 620 1278 servidas
627 1222 754 1278 orationes
761 1221 822 1278 Dno
831 1222 991 1280 obtulerunt!

199 1346 275 1398 qnam
291 1327 387 1400 rigidss
408 1328 573 1384 abstinentias
590 1332 758 1403 peregemmt!
779 1349 856 1403 quam
872 1349 993 1404 magnum

197 1435 281 1492 zelum
293 1438 320 1492 et
331 1435 458 1492 fervorem
469 1435 502 1492 ed
513 1436 670 1509 spiiitnalem
680 1437 825 1510 profestum
832 1437 992 1494 habnenmt!

199 1561 274 1615 quam
285 1544 353 1600 forte
358 1543 453 1600 bellum
462 1543 582 1600 adversos
589 1543 773 1601 edomationem
780 1545 902 1600 vitiorum
910 1563 994 1618 gesse·

198 1652 274 1708 runt!
293 1669 370 1724 qnam
392 1669 482 1724 parom
505 1654 532 1706 et
553 1653 651 1706 restam
672 1651 840 1707 intentionem
857 1650 890 1706 ad
906 1649 995 1708 Domo

199 1759 353 1816 tenuerunt!
378 1757 430 1814 Per
444 1757 515 1812 diem
531 1755 686 1824 laborabant,
705 1737 733 1813 et
749 1757 868 1814 noetibus
885 1757 995 1816 orationi

200 1865 304 1924 dintinae
315 1865 446 1933 vacabant,
459 1834 603 1937 dnanqnam
613 1863 749 1920 laborando
761 1863 793 1920 ab
800 1863 914 1920 oratione
926 1882 995 1921 men·

200 1973 246 2030 todi
256 1973 359 2030 minime
372 1975 509 2030 oessarent.

235 2080 260 2142 3.
279 2078 361 2134 Omne
372 2081 474 2149 tempos
485 2075 584 2132 utiliter
599 2072 781 2148 expendebant,
794 2072 876 2129 omnis
889 2071 952 2128 hora
962 2071 995 2128 ad

199 2183 340 2243 vacandum
345 2185 408 2239 Dno
414 2183 499 2240 brevis
507 2181 653 2250 videbatur3
669 2184 695 2236 et
702 2199 754 2254 pre
763 2180 995 2254 magneduloedine

201 2291 419 2365 oontemplationis
442 2290 520 2346 etiam
543 2286 662 2345 oblivioni
683 2288 833 2344 tradebatur
855 2289 994 2346 necessitas

201 2399 337 2472 arpason
359 2398 512 2456 asemona.
549 2395 673 2452 Omnbus
697 2373 994 2470 aeen,'ngseebn‚

201 2500 437 2575 bonosibns‚amiois
446 2508 473 2560 et
483 2503 597 2576 oognatis
606 2503 784 2560 renuntiabant
792 2526 799 2570 ;
817 2504 855 2560 nil
862 2504 893 2560 de
900 2504 995 2560 mundo

201 2611 294 2670 habere
301 2612 449 2685 cupiebant3
461 2611 653 2668 vinneoessmia
659 2611 718 2667 vitm
727 2611 861 2668 sumebant
869 2635 876 2679 ;
895 2612 997 2684 eorpori

201 2715 296 2774 servire
312 2719 389 2774 etiam
400 2719 428 2774 in
441 2720 592 2774 necessitate
608 2717 734 2774 dolebant.
770 2717 899 2791 Pauperes
915 2719 997 2792 igitur

202 2828 274 2880 erent
286 2825 362 2880 rebus
373 2825 488 2891 terrenis,
502 2825 547 2880 sed
558 2825 650 2882 divites
661 2825 734 2882 valde
745 2826 773 2882 in
783 2827 868 2900 gratia
878 2829 905 2882 et
916 2826 998 2882 virto-

202 2933 280 2988 tibus.
315 2933 388 2988 Foris
405 2932 520 3006 egebant,
538 2933 583 2989 sed
597 2933 668 2989 intns
684 2933 767 3004 gratia
784 2936 810 2988 et
827 2932 998 2988 oonsolatione
1071 2959 1073 2964 v
1099 3007 1100 3012 ἵ
1135 2998 1136 3003 ¹

202 3037 490 3096 Divinarefioiebantnr.

238 3150 262 3202 4.
281 3147 380 3203 Mundo
392 3152 465 3203 erant
477 3147 558 3214 alieni,
572 3149 618 3203 sed
628 3149 690 3203 Dno
700 3147 810 3220 proximi
821 3167 851 3203 eo
863 3144 998 3202 familiares
