2546 3842
463 447 607 496 CHRISTI
624 443 676 494 III.
700 445 788 505 36,37.
962 449 1015 498 iii

222 572 268 625 per
287 555 473 626 nnpatientnm
492 555 592 612 minues
609 572 728 612 eoronam
745 557 835 619 tuem
854 555 899 610 sed
918 557 950 612 ed
967 557 1014 614 Me

221 660 307 729 ponus
324 659 422 730 respiee
444 661 473 715 in
489 660 587 725 eoelnm,
606 659 660 719 Qui
676 661 767 730 petens
791 676 849 714 enm
866 661 962 731 eripere
980 662 1012 717 eb

221 764 290 820 omni
302 765 448 821 eoniusione
460 768 487 820 ei
502 765 601 836 injuria,
615 767 642 819 ei
652 763 789 835 unicuique
804 761 910 819 reddere
924 783 1013 821 seeun-

221 844 372 940 dnm'opere
383 872 454 927 sue.”

531 1064 680 1121 W?

393 1245 399 1256 ’
472 1265 602 1343 enrnr'
617 1291 758 1349 11111111.

242 1491 278 1529 DE
296 1491 369 1530 PURA
386 1492 420 1531 ET
437 1491 559 1530 minens
574 1492 775 1531 Rnslennflonn
793 1493 838 1531 sul
855 1493 892 1530 An
910 1491 984 1530 onel-

393 1584 512 1623 NENDAM
529 1584 626 1623 connls
644 1584 825 1624 mesenen.

257 1731 281 1788 1.
294 1736 309 1764 “
316 1733 372 1799 Fili,
382 1735 494 1806 relinque
500 1739 535 1802 ie,
545 1737 571 1790 ei
580 1729 692 1790 invenies
699 1731 752 1789 Me.
772 1733 817 1788 sea
826 1734 880 1788 sine
888 1733 1010 1790 electione

220 1840 247 1892 ei
267 1839 336 1893 omni
358 1841 521 1911 proprietate,
540 1843 567 1895 ei
589 1836 726 1896 lucraberis
750 1855 855 1910 semper.
891 1838 959 1894 Nam
982 1843 1009 1894 et

216 1941 348 2014 adjicietur
358 1939 410 1999 ‘tibi
425 1941 531 2016 amplior
549 1945 639 2016 gretie,
652 1945 740 1998 statim
751 1946 781 1999 ui
793 1947 822 2015 ie
831 1943 1007 2015 resignaveris,

215 2064 262 2103 nee
272 2050 464 2121 resumpseris?

250 2154 275 2209 2.
292 2152 417 2220 Derane,
435 2153 534 2225 queties
550 2171 591 2208 me
608 2154 751 2223 resignabo,
769 2155 797 2208 ei
813 2153 840 2208 in
857 2153 949 2223 quibus
966 2173 1006 2209 me

214 2256 374 2328 relinquam?

250 2361 273 2416 3.
292 2361 426 2434 “Semper
444 2367 470 2418 et
486 2361 555 2417 omni
571 2363 650 2417 hora:
669 2363 735 2418 sieut
750 2361 778 2416 in
794 2379 880 2434 parvo,
893 2363 930 2418 rie
941 2367 967 2418 ei
978 2364 1006 2418 in

214 2483 313 2536 magno.
348 2466 421 2521 Nihil
445 2467 552 2537 exeipi0,
573 2465 619 2521 sed
641 2466 669 2521 in
691 2466 808 2522 omnibus
831 2472 859 2522 te
881 2467 1005 2522 nudatum

213 2570 320 2626 inveniri
339 2571 404 2627 velo.
439 2571 567 2642 Alioquin,
591 2571 716 2643 quemodo
733 2571 829 2643 poteris
847 2591 902 2628 esse
920 2574 1004 2639 Meus,

213 2678 240 2728 et
251 2673 308 2744 ngo
319 2677 389 2739 tuus,
401 2671 451 2729 nisi
462 2674 541 2730 fueris
553 2675 585 2731 eb
596 2676 666 2730 omni
681 2676 782 2747 proprie
792 2676 924 2732 voluntate
934 2677 1005 2732 intus

212 2779 239 2831 ei
262 2776 324 2832 foris
347 2777 493 2849 spoliatus?
520 2779 624 2839 Quanto
648 2779 754 2838 eelerins
777 2780 826 2836 hoe
849 2782 912 2853 agis,
931 2785 1005 2839 tante

211 2880 301 2936 melius
319 2881 442 2949 habebis3
460 2888 487 2939 et
505 2893 600 2956 quanto
616 2883 716 2956 plenius
734 2888 760 2940 ei
779 2886 909 2951 sincerius,
931 2890 1004 2942 tenio

210 2983 272 3040 rnihi
283 2985 341 3056 plue
352 2987 470 3058 plneebis,
484 2991 511 3045 ei
523 2989 630 3060 emplius
642 2988 787 3048 luereberis.

244 3093 269 3144 4.
289 3090 418 3151 “Quidam
430 3109 458 3147 ee
469 3093 606 3163 resignent,
620 3092 665 3148 sed
677 3111 734 3148 cum
746 3093 830 3164 alique
840 3094 1003 3166 exeeptiene:
