2528 3850
433 444 574 494 CHRISTI
592 444 636 494 IV.
655 449 692 504 15,
705 447 745 496 w.
895 403 905 424 ·
939 449 990 497 251¹

198 576 343 632 mendicum
356 577 447 644 Tuum,
460 578 568 636 accende
580 578 745 651 frigiditatem
757 597 838 635 meam
849 579 909 652 igne
921 599 987 636 amo·

197 681 232 736 ris
249 682 306 747 Tui,
327 682 440 737 illumina
457 683 596 739 eaeeitatem
612 704 694 740 meam
712 685 826 742 elatitate
846 685 986 756 presentie

197 785 265 840 Tuae.
291 787 371 842 Verte
382 788 445 843 mihi
456 783 647 845 omniaterrena
657 791 685 845 in
693 791 892 857 amaritudinem,
904 791 988 845 omnia

196 892 283 974 gravia
294 896 320 947 et
333 894 459 948 eontraaia
469 895 497 949 in
507 896 663 966 patientiam,
673 897 757 952 omnia
767 897 853 951 infima
864 898 890 951 et
903 904 988 951 ereata

196 998 223 1052 in
235 1002 407 1070 contemptum
419 1003 445 1054 et
463 1000 621 1057 oblivionem.
655 1002 734 1074 Erige
751 1019 795 1057 eor
810 1020 894 1056 meum
906 1001 939 1056 ad
949 1002 986 1057 'le

195 1103 223 1158 in
234 1103 332 1170 eoelum,
345 1107 415 1160 etue
431 1105 543 1162 dimittas
560 1125 601 1162 me
618 1107 706 1179 vagari
717 1126 794 1179 super
810 1111 911 1163 temam.
947 1108 987 1163 Tu

196 1212 265 1266 solus
277 1211 339 1267 mihi
350 1231 383 1267 ex
395 1213 443 1268 heu
451 1214 504 1285 jam
516 1212 644 1269 dulcescas
656 1203 776 1286 usquein
788 1213 915 1280 soeuulum,
929 1215 987 1285 quia

196 1320 236 1374 'l'u
257 1321 327 1375 solus
345 1320 422 1376 Cibus
442 1324 469 1375 et
486 1321 568 1375 Potus
585 1340 665 1390 meus,
687 1309 764 1376 Amer
775 1323 855 1377 ¹meus
875 1324 902 1376 et
920 1323 985 1377 Gau-
1079 1339 1081 1343 ’

196 1424 266 1479 dium
278 1407 369 1492 meum,
382 1424 497 1480 Duleedo
508 1444 564 1480 mea
572 1429 599 1480 et
610 1428 695 1481 totum
705 1425 806 1480 Bonum
817 1444 909 1481 meum.

204 1541 207 1546 '
232 1535 256 1588 3.
275 1534 381 1589 Utinam
392 1552 433 1590 me
453 1533 568 1589 totaliter
582 1551 615 1588 ex
633 1533 689 1588 Tua
706 1533 841 1604 praeseutia
855 1502 993 1599 uouendas,-

195 1639 335 1733 eombmas
348 1642 375 1694 et
386 1639 414 1694 in
425 1639 461 1694 Te
476 1641 630 1694 transmutes
642 1657 650 1704 ;
665 1640 697 1693 ut
707 1656 774 1692 uuus
786 1639 881 1694 'l'euum
893 1637 985 1694 efficiar

194 1744 256 1814 spiri
256 1747 307 1809 t,us
320 1743 504 1816 pergratiam
495 1747 534 1798 mt
535 1761 601 1799 eruae
618 1742 726 1809 unionis,
739 1746 766 1798 et
781 1737 989 1814 liquefactiouem,

194 1848 307 1905 ardentis
325 1849 432 1904 amoris!
463 1849 560 1904 Net
516 1852 560 1920 pat
561 1848 620 1904 imis
637 1867 678 1904 me
694 1849 810 1921 jejunum
821 1852 848 1904 et
859 1847 984 1904 ariduma

193 1953 230 2010 'Pe
248 1933 381 2022 resedere}
399 1956 445 2011 sed
461 1974 565 2028 operare
582 1973 680 2012 meeum
697 1954 899 2021 miserieerditer,
917 1955 984 2011 sieut

194 2061 286 2132 sepius
298 2041 416 2133 operatus
428 2079 455 2118 es
467 2057 526 2117 uum
538 2043 637 2118 Sanctis
649 2063 710 2119 Tuis
722 2060 876 2117 mirabiliter.
912 2060 983 2121 Quid

195 2168 294 2232 mirum,
311 2167 333 2222 si
350 2167 429 2223 totus
439 2186 472 2223 ex
488 2169 551 2224 'I'a
542 2151 704 2267 massuetum,
722 2169 773 2224 et'
766 2188 793 2224 ιιι
807 2163 923 2240 meipso
941 2168 982 2222 de·

193 2273 301 2338 fluerem,
315 2253 373 2328 eum
389 2273 466 2329 Tu
444 2293 479 2329 ιιι
489 2260 570 2346 iguis
586 2294 685 2347 semper
702 2275 793 2331 ardens
811 2279 838 2331 et
852 2292 982 2345 nunquam

194 2360 320 2444 deiciens,
343 2380 430 2434 Amor
444 2379 521 2435 eorda
536 2369 675 2452 pmifieam
699 2382 756 2438 et
748 2402 775 2438 m
775 2383 905 2441 tellectum
926 2385 981 2442 illu·

192 2475 339 2542 mutnet*
790 2506 791 2514 ¹
