2524 3844
439 453 586 503 CHRISTI
609 452 645 500 11.
658 453 680 511 7,
693 455 714 502 8.
941 453 972 504 67

179 585 298 658 gaudium
312 586 433 658 spiritus!
453 586 538 646 Quem
550 586 634 642 aridus
645 590 673 642 et
685 587 764 642 durus
776 605 803 642 es
816 587 870 642 sine
885 587 970 642 Jssu!

179 695 264 754 Quam
276 695 397 767 insipiens
409 697 535 762 edredus,
549 695 572 750 si
583 695 654 767 cupis
667 694 762 766 aliquid
778 698 851 750 extra
862 695 879 749 J
879 711 954 750 ssmr
964 697 969 750 !

177 802 271 858 Nonne
282 803 331 858 hoe
343 805 383 859 esi
394 802 478 874 majus
489 801 616 868 damnum,
630 821 706 873 quam
719 802 741 857 si
752 805 837 858 totum
851 801 970 873 perderes

177 908 320 966 muudum?

214 1019 237 1072 2.
251 1015 323 1075 Quid
328 1019 414 1088 potest
425 1015 474 1072 issri
484 1017 594 1072 mundus
606 1016 720 1073 conferre
732 1014 786 1071 sine
803 1016 892 1071 Jssr?
903 1015 968 1070 Esse

175 1124 230 1179 sine
244 1125 315 1179 Jssu
330 1125 415 1196 gravis
429 1128 469 1180 est
482 1123 603 1191 infernus,
617 1127 644 1179 et
660 1142 716 1179 esse
733 1141 792 1179 eum
805 1123 874 1178 Jssu
887 1123 967 1178 duleis

173 1231 314 1302 paradisus.
351 1231 379 1286 Si
389 1231 467 1286 fuerit
478 1234 564 1286 tecum
574 1231 666 1297 Jrrsrs,
674 1229 759 1285 nullus
770 1229 865 1301 poterit
876 1247 966 1285 noeere

173 1341 299 1396 inimicus.
330 1338 384 1399 Qui
392 1338 489 1395 invenit
495 1339 513 1393 J
512 1355 594 1404 murs,
603 1335 700 1393 invenit
707 1337 855 1392 thesaurum
863 1335 966 1404 bonum,

174 1448 252 1502 immo
267 1447 364 1503 bonum
375 1465 452 1518 super
463 1465 537 1502 omne
547 1446 656 1512 bonum3
669 1449 697 1500 et
708 1444 753 1516 qui
767 1443 851 1516 perdit
865 1445 883 1499 J
882 1461 965 1516 rsus,

172 1553 257 1626 perdit
279 1554 355 1609 nimis
378 1554 489 1609 multum
511 1555 538 1609 ei
555 1552 613 1624 plus
633 1571 710 1626 quem
727 1555 813 1608 totum
833 1551 963 1610 mundum.

171 1661 352 1734 Pauperrimus
364 1664 412 1726 est,
426 1660 470 1732 qui
480 1659 544 1716 vivit
559 1659 613 1716 sine
623 1660 701 1728 JssU,
713 1663 741 1716 et
757 1658 904 1728 ditissimus,
921 1663 965 1733 qui

171 1769 236 1826 bene
247 1773 287 1825 est
299 1789 358 1826 eum
369 1770 446 1824 Jeep.

207 1878 231 1931 3.
248 1876 346 1948 Magna
363 1894 404 1932 ers
415 1878 456 1931 est
473 1875 605 1930 seireeum
616 1874 684 1931 Jssu
696 1876 846 1942 eonverseri
857 1879 883 1931 et
898 1876 962 1931 seire

169 1985 263 2040 Jrsmr
273 1988 361 2040 tenere
377 2001 470 2055 magna
485 1981 628 2055 prudentis
664 1983 730 2040 Esto
743 1985 845 2040 humilis
863 1986 961 2057 etpsei-

168 2091 239 2156 fieus,
253 2094 279 2146 et
291 2090 340 2146 erit
348 2094 434 2145 iesum
442 2090 460 2144 J
460 2105 541 2157 ssrs3
560 2088 595 2144 sis
604 2087 711 2145 devotus
720 2089 897 2160 etquieersffit
906 2109 960 2162 per-
996 2171 999 2178 .

167 2195 279 2252 manebit
290 2200 376 2252 terum
387 2197 479 2252 Jrsrs.
514 2197 593 2253 Potes
603 2198 654 2254 eido
662 2199 751 2270 fugere
763 2198 894 2256 Jrsrrrei
904 2219 960 2272 gra-

166 2302 230 2358 tiam
241 2303 305 2375 Ejus
316 2304 429 2377 perdere,
443 2305 466 2360 si
476 2304 586 2360 volueris
595 2305 628 2360 sd
636 2299 762 2362 exieriore
769 2305 901 2364 declinere.
923 2309 959 2365 Er

166 2413 189 2467 si
196 2413 273 2468 Illum
280 2408 430 2485 effugaveris
441 2417 468 2470 et
474 2414 620 2487 perdideris,
629 2415 662 2471 ad
668 2435 743 2487 quem
750 2418 841 2490 fugies,
849 2423 876 2475 et
884 2439 959 2491 quern

164 2522 228 2574 tune
240 2537 337 2590 queeres
349 2515 478 2576 emiedm?
492 2521 551 2577 Sine
563 2522 643 2578 amieo
651 2541 703 2578 non
711 2527 784 2595 potes
793 2524 857 2581 bene
866 2527 957 2594 vivere,

164 2628 192 2680 et
210 2625 233 2679 si
249 2625 333 2680 Jrsus
349 2645 403 2682 non
419 2627 497 2683 fuerit
514 2627 562 2684 tibi
578 2647 631 2701 prae
647 2631 764 2686 omnibus
785 2633 888 2700 amicus,
907 2637 956 2691 eris

162 2734 239 2790 nimis
250 2733 333 2790 tristis
345 2738 372 2790 ei
384 2734 519 2790 desolatus.
544 2735 625 2791 Fatue
636 2736 717 2808 igiiur
728 2736 790 2808 agis,
803 2738 862 2793 siin
873 2739 956 2814 aliquo

162 2842 244 2897 altero
255 2841 359 2896 eonfidis
372 2843 417 2896 aut
427 2840 529 2896 letaris.
553 2841 706 2914 diligendum
718 2845 758 2897 est
768 2842 858 2915 magis,
870 2846 956 2899 totum

160 2955 286 3012 mundum
293 2955 387 3011 habere
398 2956 559 3022 eontrarium,
570 2974 645 3027 quem
652 2956 669 3010 J
670 2973 745 3011 ssim
757 2947 888 3013 Offensum
913 2958 955 3012 Ex

160 3064 278 3120 omnibus
290 3081 352 3136 ergo
364 3065 428 3120 ceris
440 3063 474 3118 sit
486 3062 568 3118 Jrsue
581 3062 649 3118 solus
662 3061 769 3118 dilectus
778 3061 900 3134 speeialis.

196 3174 220 3226 4.
239 3170 387 3242 Diligenter
407 3187 494 3226 omnes
509 3172 621 3241 vpropter
643 3169 743 3236 Jrssss,
762 3169 845 3224 Jrrsus
868 3175 953 3222 sutem
