2524 3844
365 697 560 756 EDITORIS
587 693 798 752 MONITUM.

219 896 255 954 In
281 898 329 952 hue
353 893 464 951 editione
487 911 670 964 nonuunquam
692 895 794 948 textum
819 894 981 949 Geneeenum

186 992 279 1064 (Paris.
302 993 360 1046 8vo.
383 989 464 1058 1826)
486 987 569 1044 secuti
592 1005 688 1052 sumus,
713 1003 897 1058 nonnunquam
921 1006 981 1043 vero

186 1085 378 1157 Gregorianum,
399 1083 490 1153 (Paris.
514 1084 570 1137 8vo.
596 1081 686 1150 1833,)
710 1085 787 1152 prout
810 1082 852 1138 hie
875 1082 917 1138 vel
939 1082 982 1138 iile

185 1181 275 1236 melior
285 1178 427 1235 videbatur.
465 1177 533 1232 Alias
550 1193 651 1248 quoque
669 1175 794 1232 editiones
810 1177 837 1232 in
849 1177 982 1233 eonsilium

186 1274 355 1338 adhibuimus,
374 1290 438 1348 quus
456 1289 604 1326 enumerare
622 1270 825 1340 supersedemus.
866 1271 981 1328 Iudicem

189 1369 284 1424 Rerum
294 1369 425 1440 integrum
433 1387 466 1423 ex
475 1365 586 1422 editione
596 1369 729 1423 Geneeane
736 1367 764 1422 in
775 1371 889 1423 nostrsm
900 1372 982 1426 treus·

186 1465 309 1530 trdimus;
333 1483 366 1519 ex
383 1463 471 1519 eudem
488 1477 591 1532 quoque
609 1461 736 1533 precipue
754 1461 879 1534 (plurimis
896 1466 983 1518 temen

186 1558 312 1627 resectis)
333 1557 448 1613 Iudicem
471 1555 629 1611 Latinitatis.
666 1555 780 1611 Iudicem
803 1556 931 1612 Locorum
955 1557 981 1612 S.

189 1653 327 1725 scripture
340 1653 484 1708 citatorum
495 1651 545 1722 ipsi
556 1651 718 1706 confecimus.
900 1663 902 1666 ·

223 1749 264 1803 De
276 1747 413 1803 innumeris
425 1764 497 1818 pene
512 1745 590 1817 hujus
609 1732 679 1802 edroi
696 1745 775 1802 libelii
786 1745 941 1801 editionibus
955 1750 982 1801 et

189 1841 354 1906 versionibus,
367 1841 479 1912 itemque
491 1839 523 1896 de
535 1839 675 1910 questione
691 1840 855 1896 vexatissims
865 1841 983 1910 quisnam

188 1953 217 1991 re
229 1953 289 1991 vers
306 1938 362 2005 ejus
380 1935 458 1990 fuerit
476 1937 573 2000 auctor,
586 1935 692 2006 longum
709 1933 776 1989 foret
794 1933 843 1988 hoc
860 1933 916 1989 loco
934 1934 983 1989 dis-

188 2047 280 2086 serere.
316 2028 460 2084 Historiam
472 2029 527 2100 ejus
539 2028 679 2084 literarium
690 2028 736 2098 qui
751 2027 895 2084 examinare
912 2028 981 2093 velit,

152 2123 153 2184 J
188 2123 263 2179 adeat
281 2121 405 2178 editiones
419 2125 577 2179 Geneeanum
595 2126 622 2178 et
642 2123 829 2195 Gregorienem,
848 2140 907 2178 cum
918 2124 983 2194 ejus-

189 2221 246 2277 dem
255 2221 372 2292 Gregorii
380 2220 982 2287 libmeutiulus,Herculuredcw‘lmu.

189 2318 219 2371 de
227 2317 253 2372 J.
261 2315 313 2381 0.‚”
321 2321 347 2371 ct
355 2317 386 2371 dc
394 2334 438 2370 son
446 2317 567 2370 vdmtable
575 2317 679 2371 Actcur.
691 2316 783 2387 (Paris,
795 2318 851 2372 8vo.
865 2318 982 2387 1842,3.)

188 2409 225 2464 Te
243 2410 337 2474 sutem,
356 2408 390 2467 L.
402 2409 441 2474 B,
462 2413 540 2464 “non
557 2408 668 2464 offendet
686 2410 824 2465 auctoritas
841 2409 982 2476 scribentis,

187 2505 276 2557 utrum
295 2521 380 2574 parve
400 2503 442 2558 vel
461 2520 560 2574 msgnoe
580 2502 719 2560 literetruae
739 2503 825 2569 fuerit,
847 2504 893 2560 sed
914 2522 984 2559 amor

188 2613 259 2666 purae
277 2595 393 2651 veritatis
410 2600 438 2650 te
456 2595 541 2650 trehet
562 2595 595 2650 ed
614 2595 757 2668 legendum.
803 2597 865 2652 Non
884 2615 983 2667 queres

189 2689 246 2756 quis
263 2688 312 2743 hoe
330 2687 431 2754 dixerit,
445 2689 490 2744 sed
505 2687 568 2758 quid
584 2688 683 2744 dicetur
701 2689 829 2745 attende.'’
849 2692 899 2761 (De
911 2692 983 2746 [mit.

190 2783 311 2847 rurs.
326 2785 362 2852 1.)

256 2951 344 3005 Oronti,

222 3039 291 3085 Febr.
305 3039 373 3086 1848.
