2546 3842
286 447 334 495 154
513 479 516 486 .
542 445 591 496 DE
609 441 833 498 IMITATIONE'

285 584 311 634 et
319 579 453 637 insontem.
477 579 579 638 Bonum
590 579 631 640 eet
640 586 667 640 et
674 583 779 640 beatum
790 582 876 641 taliter
887 585 942 654 poti
952 605 959 652 ;
975 585 1022 642 nec
1034 585 1082 642 hoc

285 685 334 740 erit
352 703 429 757 grave
448 684 538 742 humili
555 687 633 758 cordi,
651 691 678 745 et
693 685 755 744 Duo
774 690 855 761 magis
873 707 950 761 quam
966 686 1082 762 sibiipsi

285 790 429 846 confidenti.
464 789 545 846 Multi
556 792 638 848 multa
654 793 804 864 loquuntur,
816 797 843 850 et
854 793 911 849 ideo
929 793 1082 865 poricides

285 883 325 952 est
349 896 497 954 adhibenda.
534 898 586 954 Sed
609 903 635 954 et
655 899 773 956 omuibus
797 900 859 955 iotis
883 917 947 965 esse,
967 918 1019 955 non
1042 903 1082 954 est

285 1004 412 1077 possibile.
446 1005 505 1060 Etsi
531 1005 627 1060 Paulus
650 1006 768 1062 omnibus
792 1005 893 1062 studuit
915 1006 943 1060 iu
966 1006 1081 1060 Dounio

285 1109 391 1182 placere,
403 1115 430 1166 et
444 1113 552 1167 omniboo
569 1113 650 1166 omnio
658 1115 749 1183 factm
756 1117 806 1167 eot⁰
811 1135 824 1176 ;
842 1113 929 1167 temen
943 1111 1020 1166 etiam
1032 1131 1081 1182 pro

285 1217 382 1270 minimo
394 1217 474 1282 ducit,
487 1217 554 1286 quod
563 1218 595 1271 ab
607 1219 710 1272 humano
722 1217 1010 1289 dejudicaturfiaericd.

322 1323 346 1376 2.
366 1320 451 1392 “Egit
474 1320 537 1375 cotie
561 1339 608 1393 pro
632 1321 739 1376 oliorum
762 1318 928 1378 redidcotione
951 1320 1079 1385 eteciute,

286 1425 409 1494 quantum
421 1423 449 1478 in
460 1443 488 1480 se
499 1427 554 1479 eret
567 1428 594 1480 et
604 1427 723 1497 poterat,
742 1425 831 1481 sedne
843 1425 874 1480 ab
884 1424 938 1480 eliis
946 1423 1079 1495 aliquando

282 1527 442 1603 judicaretur
457 1531 500 1588 vel
516 1549 568 1586 non
584 1531 763 1604 despiceretur,
783 1529 900 1588 cohibere
916 1527 969 1586 noir
985 1529 1078 1600 potuit.

285 1635 348 1691 Ideo
371 1637 456 1691 totum
478 1626 545 1692 Duo
563 1636 697 1702 commisit,
723 1633 773 1703 Qui
795 1637 880 1691 totum
903 1637 1027 1700 noverct;
1051 1637 1079 1689 et

282 1735 407 1811 patientia
417 1723 454 1796 ¹oo
473 1736 617 1796 humititate
635 1743 724 1796 contra
746 1757 791 1795 ora
807 1737 966 1811 loquentium
982 1737 1076 1810 iniquo,

284 1847 329 1898 eut
341 1841 418 1900 etium
426 1861 491 1900 vana
500 1863 529 1900 ac
537 1844 658 1900 mendosa
669 1843 844 1915 cogitantium,
857 1847 934 1914 atquc
945 1861 991 1914 pro
1003 1841 1078 1898 libitu

283 1965 330 2003 suo
346 1965 452 2020 quoeque
464 1945 623 2020 jactantium,
635 1965 663 2002 ee
675 1945 796 2002 defendit.
832 1945 975 2017 Respondit
990 1950 1078 2002 tamen

283 2053 417 2120 interdum,
435 2071 468 2109 ne
483 2048 589 2108 infirmis
607 2071 640 2107 ex
657 2069 705 2108 sue
719 2051 895 2108 taciturnitate
911 2056 1076 2124 generaretur

281 2157 435 2214 scandalum.

315 2266 340 2320 3.
353 2266 368 2296 “
378 2261 438 2325 &tis
450 2269 485 2330 tu,
495 2267 640 2320 uttimeaca
648 2263 747 2318 mortali
755 2264 882 2318 tomtw?
898 2262 984 2318 Hodie
991 2266 1038 2327 est,
1047 2267 1074 2318 et

279 2387 335 2426 crue
346 2387 397 2424 non
413 2371 549 2440 comparet.
584 2369 673 2425 Dnun
687 2368 758 2433 time,
775 2369 802 2423 et
815 2367 947 2432 hominum
962 2371 1073 2423 terrores

278 2491 330 2528 uon
346 2491 506 2544 expavesces.
542 2473 614 2534 Quid
630 2476 716 2545 potest
734 2465 823 2543 utiquis
841 2471 869 2526 in
885 2475 913 2528 te
928 2471 1012 2528 verbis
1027 2477 1073 2528 eut

277 2579 398 2651 injuriis?
417 2579 472 2634 Sibi
482 2579 569 2657 potius
586 2582 661 2634 nocet
678 2596 755 2650 quom
766 2577 822 2643 tibi,
834 2594 882 2632 nec
897 2577 992 2648 poterit
1005 2577 1072 2649 judi-

277 2683 344 2739 cium
355 2683 412 2739 Du1
424 2684 542 2756 effugere,
556 2683 700 2755 quicunque
711 2686 751 2739 est
762 2682 813 2738 iile.
849 2681 890 2736 Tu
900 2680 965 2736 habe
983 2681 1071 2736 Dnuu

276 2807 328 2860 prae
340 2786 467 2856 ocutisset
478 2787 531 2846 noli
542 2781 695 2845 contendere
709 2786 792 2845 verbis
807 2785 957 2859 querulosis.
993 2785 1071 2845 Quod

275 2893 298 2950 si
315 2893 348 2948 ud
358 2904 476 2966 ‘praeoene
492 2895 524 2952 tc
540 2891 634 2949 videris
658 2892 830 2958 succumbere,
852 2893 879 2946 et
896 2889 1070 2971 oonfmionem

274 2997 329 3067 poti
346 3016 422 3070 quem
439 3015 491 3054 nou
508 2998 643 3065 meruisti3
660 3016 693 3053 ne
708 2996 847 3068 indigneris
865 3013 897 3050 ex
914 2993 972 3059 hoc,
987 3011 1070 3064 neque

321 3133 405 3176 cicer.
417 3137 446 3174 ix.
457 3135 488 3176 22.
630 3133 681 3174 dn).
691 3133 719 3173 tv.
729 3133 748 3173 8.
888 3130 945 3168 rlen
956 3128 977 3166 u
988 3127 1017 3166 lt.
1067 3142 1072 3150 ι
