2524 3844
291 421 321 468 dd
544 420 592 469 DE
611 421 830 470 IMITATIONE

287 553 340 616 tna
356 553 383 606 et
395 550 538 623 deprecatio
553 554 600 608 tus
615 552 648 607 ud
664 552 812 614 ermerus
828 555 883 610 sine
897 555 1086 613 intermissione
1144 532 1147 585 l

288 659 420 730 dirigatur.
457 659 486 715 Si
496 660 578 715 nescis
591 660 716 732 speculari
727 661 779 716 altu
787 664 813 716 et
823 661 941 728 eoelestie,
954 664 1086 734 requiesce

288 764 606 836 inpassionacnnrsn1‚et
617 767 645 822 in
656 769 734 824 sacris
745 769 892 825 vulnenbus
901 769 965 841 Ejus
977 770 1087 827 libenter

288 871 382 928 bsbite
419 873 447 928 Si
458 873 526 928 eninr
543 873 576 928 ad
590 873 697 928 vulnero
711 878 738 929 et
752 875 865 946 pretiosa
878 876 1000 947 stigmate
1014 877 1085 932 Jnsu

288 979 379 1036 devote
391 980 515 1052 oonhrgis,
528 997 647 1052 magnam
657 981 685 1036 in
695 981 859 1037 tribulatione
871 983 1086 1039 confortationem

289 1087 391 1152 senties,
414 1104 462 1142 nec
485 1086 595 1142 multum
623 1087 722 1143 curubis
745 1088 878 1144 hominnm
901 1088 1085 1160 despectiones,

289 1194 448 1266 feciliterque
458 1193 537 1249 verbe
548 1193 736 1250 detrahentium
746 1195 867 1266 perferes.

325 1305 350 1356 ὅ.
369 1301 507 1356 Onnrsrus
522 1301 572 1356 luit
586 1301 664 1356 etiam
680 1300 709 1356 in
724 1301 820 1357 mundo
837 1301 869 1357 ab
886 1299 1030 1356 homiuibus
1046 1299 1088 1354 de

291 1413 401 1482 spectus,
417 1412 443 1464 et
458 1409 486 1464 in
501 1409 610 1464 maxima
626 1409 778 1464 necessitate
793 1427 809 1464 a
823 1409 892 1464 notis
907 1410 934 1463 et
951 1407 1039 1462 amicis
1050 1406 1087 1462 in·

290 1518 331 1570 ter
346 1514 481 1587 opprobria
498 1513 641 1571 derelictus.
678 1514 817 1571 Omeros
834 1515 889 1587 pati
902 1514 983 1571 voluit
1001 1518 1028 1569 et
1046 1513 1087 1569 de-

291 1620 361 1692 spici,
375 1624 401 1676 et
412 1624 444 1676 tu
455 1621 533 1678 audes
547 1622 579 1678 de
591 1622 675 1694 aliquo
687 1624 828 1695 conqueri?
844 1623 985 1679 Onnrsrus
996 1623 1087 1679 hebuit

292 1729 447 1787 adversarios
459 1734 486 1786 et
493 1730 661 1797 oblocutores,
671 1734 697 1786 et
706 1734 737 1786 tu
745 1731 784 1787 ris
791 1749 879 1787 omnes
890 1731 983 1786 bebere
992 1731 1087 1786 amicos

292 1843 318 1894 et
329 1839 525 1896 benefactores?
543 1838 621 1895 Unde
630 1839 794 1895 coronabitur
801 1839 984 1911 patientistue,
993 1839 1088 1896 sinihil

293 1950 453 2006 adversitatis
470 1950 630 2006 occurrerit?
661 1948 689 2004 Si
707 1948 770 2004 nihil
794 1946 950 2004 condumum
967 1945 1007 2001 vis
1024 1945 1086 2017 pati¹

293 2057 418 2128 quomodo
430 2058 479 2113 eris
487 2057 583 2112 amicus
595 2055 733 2111 ermen?
752 2055 856 2110 Smtine
862 2056 890 2109 te
897 2071 956 2110 cnm
965 2053 1088 2108 omero

292 2167 319 2218 et
330 2181 377 2235 pro
389 2163 520 2228 Gnnrsno,
534 2163 556 2218 si
567 2163 606 2220 ris
618 2179 725 2233 regnare
737 2179 796 2216 cum
808 2161 938 2216 Gnnrsno.

328 2276 352 2328 6.
372 2274 400 2328 Si
417 2272 495 2328 semel
509 2271 622 2344 perfecte
639 2271 771 2350 introisset}
788 2269 816 2326 in
832 2269 954 2326 interiora
971 2269 1048 2334 lusu,
1061 2272 1089 2324 et

293 2379 420 2436 modicum
431 2379 463 2435 de
475 2378 574 2436 ardenti
586 2397 670 2434 amore
682 2379 747 2452 Ejus
759 2378 894 2449 sapuisses,
910 2381 974 2433 tnnc
987 2376 1019 2432 de
1029 2393 1087 2447 pro·

293 2487 349 2561 prio
365 2487 496 2544 commodo
513 2487 554 2543 vel
567 2487 726 2543 incommodo
742 2486 806 2542 nihil
821 2504 931 2550 curares,
951 2483 997 2540 sed
1007 2482 1089 2553 magis

297 2594 329 2652 de
337 2593 472 2666 opprobrio
480 2593 551 2650 illato
560 2593 691 2666 gauderes,
701 2594 761 2666 quia
772 2609 843 2649 amor
854 2592 872 2647 J
871 2608 923 2648 usu
935 2592 997 2647 feeit
1009 2588 1089 2644 homi·

294 2723 353 2761 nem
365 2723 392 2760 se
410 2705 494 2777 ipsum
511 2709 681 2764 contemnere.
717 2707 826 2762 Amator
837 2706 855 2761 J
854 2722 914 2771 nsu,
928 2709 955 2760 et
966 2723 1042 2760 verus
1053 2705 1091 2758 in-

293 2817 383 2870 temus
395 2818 422 2869 et
433 2813 497 2869 liber
513 2814 545 2869 ab
559 2814 734 2870 affectionibus
749 2813 907 2878 inordinatis,
920 2813 1007 2883 potest
1019 2829 1046 2865 se
1058 2810 1092 2864 ad

295 2921 383 2978 Duum
400 2920 478 2977 libere
496 2926 650 2988 convertere,
664 2926 690 2978 et
706 2921 804 2979 elevare
822 2941 850 2978 se
866 2939 944 2993 supra
961 2939 989 2976 se
1006 2921 1092 2991 ipsum

295 3029 323 3084 in
334 3027 433 3101 spiritu,
447 3048 476 3086 ae
488 3029 592 3087 finitive
604 3031 741 3102 quiescere.

331 3137 355 3197 7.
374 3137 424 3194 Cui
442 3138 543 3210 sapiunt
562 3139 653 3206 omnio,
666 3142 743 3210 prout
761 3141 829 3205 sunt,
849 3156 902 3194 non
919 3142 950 3194 ut
971 3137 1093 3194 dicuntur
