<?xml version="1.0" encoding="UTF-8"?>
<!DOCTYPE html PUBLIC "-//W3C//DTD XHTML 1.0 Transitional//EN"
    "http://www.w3.org/TR/xhtml1/DTD/xhtml1-transitional.dtd">
<html xmlns="http://www.w3.org/1999/xhtml" xml:lang="en" lang="en">
 <head>
  <title>
</title>
<meta http-equiv="Content-Type" content="text/html;charset=utf-8" />
  <meta name='ocr-system' content='tesseract 3.04.00' />
  <meta name='ocr-capabilities' content='ocr_page ocr_carea ocr_par ocr_line ocrx_word'/>
</head>
<body>
  <div class='ocr_page' id='page_1' title='image "./deimitationechr01thomgoog_0182.png"; bbox 0 0 2546 3842; ppageno 0'>
   <div class='ocr_carea' id='block_1_1' title="bbox 422 410 980 476">
    <p class='ocr_par' dir='ltr' id='par_1_1' title="bbox 422 410 980 476">
     <span class='ocr_line' id='line_1_1' title="bbox 422 410 980 476; baseline 0.009 -12"><span class='ocrx_word' id='word_1_1' title='bbox 422 413 566 465; x_wconf 78' lang='lat' dir='ltr'>CHRISTI</span> <span class='ocrx_word' id='word_1_2' title='bbox 584 410 634 468; x_wconf 75' lang='lat' dir='ltr'><strong>III.</strong></span> <span class='ocrx_word' id='word_1_3' title='bbox 652 419 693 476; x_wconf 85' lang='grc'><strong>44,</strong></span> <span class='ocrx_word' id='word_1_4' title='bbox 704 416 742 467; x_wconf 74' lang='lat' dir='ltr'><strong>la.</strong></span> <span class='ocrx_word' id='word_1_5' title='bbox 934 421 980 470; x_wconf 72' lang='lat'><strong>167</strong></span> 
     </span>
    </p>
   </div>
   <div class='ocr_carea' id='block_1_2' title="bbox 476 725 702 784">
    <p class='ocr_par' dir='ltr' id='par_1_2' title="bbox 476 725 702 784">
     <span class='ocr_line' id='line_1_2' title="bbox 476 725 702 784; baseline 0.004 -2"><span class='ocrx_word' id='word_1_6' title='bbox 476 725 594 782; x_wconf 80' lang='lat' dir='ltr'>CAPUT</span> <span class='ocrx_word' id='word_1_7' title='bbox 618 727 702 784; x_wconf 83' lang='lat' dir='ltr'>XLV.</span> 
     </span>
    </p>
   </div>
   <div class='ocr_carea' id='block_1_3' title="bbox 307 907 860 1057">
    <p class='ocr_par' dir='ltr' id='par_1_3' title="bbox 307 907 860 1057">
     <span class='ocr_line' id='line_1_3' title="bbox 307 907 860 964; baseline 0 -14"><span class='ocrx_word' id='word_1_8' title='bbox 307 907 381 951; x_wconf 70' lang='lat' dir='ltr'>QUOD</span> <span class='ocrx_word' id='word_1_9' title='bbox 400 907 523 949; x_wconf 71' lang='lat' dir='ltr'><strong>orimus</strong></span> <span class='ocrx_word' id='word_1_10' title='bbox 540 909 597 949; x_wconf 76' lang='lat' dir='ltr'><strong>NON</strong></span> <span class='ocrx_word' id='word_1_11' title='bbox 614 909 663 949; x_wconf 73' lang='lat' dir='ltr'><strong>EST</strong></span> <span class='ocrx_word' id='word_1_12' title='bbox 681 909 860 964; x_wconf 68' lang='lat' dir='ltr'><strong>cunensem,</strong></span> 
     </span>
     <span class='ocr_line' id='line_1_4' title="bbox 348 1013 825 1057; baseline 0.01 -5"><span class='ocrx_word' id='word_1_13' title='bbox 348 1013 383 1053; x_wconf 73' lang='grc' dir='ltr'><strong>ΕΤ</strong></span> <span class='ocrx_word' id='word_1_14' title='bbox 400 1015 437 1053; x_wconf 75' lang='grc' dir='ltr'><strong>ΒΕ</strong></span> <span class='ocrx_word' id='word_1_15' title='bbox 454 1015 546 1054; x_wconf 75' lang='lat' dir='ltr'><strong>ruem</strong></span> <span class='ocrx_word' id='word_1_16' title='bbox 563 1015 648 1056; x_wconf 72' lang='lat' dir='ltr'><strong>mrsu</strong></span> <span class='ocrx_word' id='word_1_17' title='bbox 665 1015 825 1057; x_wconf 75' lang='lat' dir='ltr'>VERBORUI.</span> 
     </span>
    </p>
   </div>
   <div class='ocr_carea' id='block_1_4' title="bbox 227 1139 983 1250">
    <p class='ocr_par' dir='ltr' id='par_1_4' title="bbox 227 1139 983 1250">
     <span class='ocr_line' id='line_1_5' title="bbox 227 1139 983 1250; baseline 0.007 -20"><span class='ocrx_word' id='word_1_18' title='bbox 227 1177 251 1230; x_wconf 88' lang='lat' dir='ltr'><strong>l.</strong></span> <span class='ocrx_word' id='word_1_19' title='bbox 269 1178 311 1230; x_wconf 83' lang='lat' dir='ltr'><strong>Du</strong></span> <span class='ocrx_word' id='word_1_20' title='bbox 328 1177 389 1230; x_wconf 81' lang='lat' dir='ltr'><strong>mili</strong></span> <span class='ocrx_word' id='word_1_21' title='bbox 405 1178 532 1243; x_wconf 79' lang='lat' dir='ltr'><strong>auritium,</strong></span> <span class='ocrx_word' id='word_1_22' title='bbox 551 1177 674 1247; x_wconf 67' lang='lat' dir='ltr'><strong>Domni,</strong></span> <span class='ocrx_word' id='word_1_23' title='bbox 693 1180 723 1234; x_wconf 79' lang='lat' dir='ltr'><strong>dr</strong></span> <span class='ocrx_word' id='word_1_24' title='bbox 740 1181 906 1246; x_wconf 68' lang='lat' dir='ltr'><em>tribulatione,</em></span> <span class='ocrx_word' id='word_1_25' title='bbox 924 1139 983 1250; x_wconf 59' lang='lat' dir='ltr'><strong>luia</strong></span> 
     </span>
    </p>
   </div>
   <div class='ocr_carea' id='block_1_5' title="bbox 192 1284 986 2955">
    <p class='ocr_par' dir='ltr' id='par_1_5' title="bbox 192 1284 983 1892">
     <span class='ocr_line' id='line_1_6' title="bbox 192 1284 983 1357; baseline 0.004 -20"><span class='ocrx_word' id='word_1_26' title='bbox 192 1302 257 1338; x_wconf 80' lang='lat' dir='ltr'><strong>rana</strong></span> <span class='ocrx_word' id='word_1_27' title='bbox 270 1285 337 1338; x_wconf 77' lang='lat' dir='ltr'><strong>ratus</strong></span> <span class='ocrx_word' id='word_1_28' title='bbox 353 1285 475 1339; x_wconf 63' lang='lat' dir='ltr'><strong>romenei</strong></span> <span class='ocrx_word' id='word_1_29' title='bbox 511 1284 596 1345; x_wconf 77' lang='lat' dir='ltr'><strong>Quam</strong></span> <span class='ocrx_word' id='word_1_30' title='bbox 608 1304 674 1357; x_wconf 84' lang='lat' dir='ltr'><strong>saepe</strong></span> <span class='ocrx_word' id='word_1_31' title='bbox 685 1285 722 1341; x_wconf 93' lang='lat' dir='ltr'><strong>ibi</strong></span> <span class='ocrx_word' id='word_1_32' title='bbox 737 1304 789 1341; x_wconf 89' lang='lat' dir='ltr'><strong>non</strong></span> <span class='ocrx_word' id='word_1_33' title='bbox 802 1286 886 1342; x_wconf 89' lang='lat' dir='ltr'><strong>inveni</strong></span> <span class='ocrx_word' id='word_1_34' title='bbox 900 1286 983 1354; x_wconf 84' lang='lat' dir='ltr'><strong>fidem,</strong></span> 
     </span>
     <span class='ocr_line' id='line_1_7' title="bbox 193 1390 982 1464; baseline 0.004 -19"><span class='ocrx_word' id='word_1_35' title='bbox 193 1390 237 1446; x_wconf 91' lang='lat' dir='ltr'><strong>ubi</strong></span> <span class='ocrx_word' id='word_1_36' title='bbox 253 1409 295 1446; x_wconf 90' lang='lat' dir='ltr'><strong>me</strong></span> <span class='ocrx_word' id='word_1_37' title='bbox 311 1390 404 1446; x_wconf 82' lang='lat' dir='ltr'><strong>habere</strong></span> <span class='ocrx_word' id='word_1_38' title='bbox 422 1392 526 1463; x_wconf 85' lang='lat' dir='ltr'><strong>putavi!</strong></span> <span class='ocrx_word' id='word_1_39' title='bbox 558 1392 666 1453; x_wconf 81' lang='lat' dir='ltr'><strong>Quoties</strong></span> <span class='ocrx_word' id='word_1_40' title='bbox 684 1392 761 1448; x_wconf 85' lang='lat' dir='ltr'><strong>etiam</strong></span> <span class='ocrx_word' id='word_1_41' title='bbox 778 1392 814 1448; x_wconf 93' lang='lat' dir='ltr'><strong>ibi</strong></span> <span class='ocrx_word' id='word_1_42' title='bbox 831 1392 920 1464; x_wconf 85' lang='lat' dir='ltr'><strong>reperi,</strong></span> <span class='ocrx_word' id='word_1_43' title='bbox 939 1392 982 1448; x_wconf 90' lang='lat' dir='ltr'><strong>ubi</strong></span> 
     </span>
     <span class='ocr_line' id='line_1_8' title="bbox 193 1496 982 1570; baseline 0.004 -19"><span class='ocrx_word' id='word_1_44' title='bbox 193 1497 276 1551; x_wconf 85' lang='lat' dir='ltr'><strong>minus</strong></span> <span class='ocrx_word' id='word_1_45' title='bbox 288 1496 451 1568; x_wconf 78' lang='lat' dir='ltr'>praesumpsi!</span> <span class='ocrx_word' id='word_1_46' title='bbox 480 1498 555 1553; x_wconf 82' lang='lat' dir='ltr'><strong>Vana</strong></span> <span class='ocrx_word' id='word_1_47' title='bbox 565 1517 627 1570; x_wconf 84' lang='lat' dir='ltr'><strong>ergo</strong></span> <span class='ocrx_word' id='word_1_48' title='bbox 639 1517 696 1570; x_wconf 85' lang='lat' dir='ltr'><strong>spes</strong></span> <span class='ocrx_word' id='word_1_49' title='bbox 708 1499 736 1554; x_wconf 90' lang='lat' dir='ltr'><strong>in</strong></span> <span class='ocrx_word' id='word_1_50' title='bbox 746 1498 897 1564; x_wconf 88' lang='lat' dir='ltr'><strong>hominibus,</strong></span> <span class='ocrx_word' id='word_1_51' title='bbox 916 1499 982 1554; x_wconf 83' lang='lat' dir='ltr'><strong>sulus</strong></span> 
     </span>
     <span class='ocr_line' id='line_1_9' title="bbox 194 1601 983 1674; baseline 0.005 -19"><span class='ocrx_word' id='word_1_52' title='bbox 194 1605 279 1656; x_wconf 84' lang='lat' dir='ltr'><strong>autem</strong></span> <span class='ocrx_word' id='word_1_53' title='bbox 289 1601 417 1674; x_wconf 87' lang='lat' dir='ltr'><strong>justorum</strong></span> <span class='ocrx_word' id='word_1_54' title='bbox 428 1604 456 1658; x_wconf 91' lang='lat' dir='ltr'><strong>in</strong></span> <span class='ocrx_word' id='word_1_55' title='bbox 467 1603 510 1669; x_wconf 70' lang='lat' dir='ltr'><strong>Te,</strong></span> <span class='ocrx_word' id='word_1_56' title='bbox 523 1604 609 1659; x_wconf 87' lang='lat' dir='ltr'><strong>Dnus.</strong></span> <span class='ocrx_word' id='word_1_57' title='bbox 644 1603 799 1659; x_wconf 78' lang='lat' dir='ltr'><strong>Benedictus</strong></span> <span class='ocrx_word' id='word_1_58' title='bbox 811 1603 854 1670; x_wconf 86' lang='lat' dir='ltr'><strong>sis,</strong></span> <span class='ocrx_word' id='word_1_59' title='bbox 867 1604 983 1659; x_wconf 79' lang='lat' dir='ltr'><strong>Doumu</strong></span> 
     </span>
     <span class='ocr_line' id='line_1_10' title="bbox 193 1692 983 1781; baseline 0 -18"><span class='ocrx_word' id='word_1_60' title='bbox 193 1708 271 1764; x_wconf 78' lang='lat' dir='ltr'><strong>Deus</strong></span> <span class='ocrx_word' id='word_1_61' title='bbox 294 1727 373 1775; x_wconf 85' lang='lat' dir='ltr'><strong>meus,</strong></span> <span class='ocrx_word' id='word_1_62' title='bbox 386 1709 414 1764; x_wconf 90' lang='lat' dir='ltr'><strong>in</strong></span> <span class='ocrx_word' id='word_1_63' title='bbox 429 1709 545 1765; x_wconf 86' lang='lat' dir='ltr'><strong>omnibus</strong></span> <span class='ocrx_word' id='word_1_64' title='bbox 563 1728 619 1781; x_wconf 84' lang='lat' dir='ltr'><strong>qme</strong></span> <span class='ocrx_word' id='word_1_65' title='bbox 636 1692 754 1765; x_wconf 78' lang='lat' dir='ltr'><strong>aeeiiunt</strong></span> <span class='ocrx_word' id='word_1_66' title='bbox 769 1708 849 1764; x_wconf 88' lang='lat' dir='ltr'><strong>nobis.</strong></span> <span class='ocrx_word' id='word_1_67' title='bbox 885 1708 983 1763; x_wconf 85' lang='lat' dir='ltr'><strong>Infirmi</strong></span> 
     </span>
     <span class='ocr_line' id='line_1_11' title="bbox 193 1819 884 1892; baseline 0 -18"><span class='ocrx_word' id='word_1_68' title='bbox 193 1838 281 1875; x_wconf 88' lang='lat' dir='ltr'><strong>sumus</strong></span> <span class='ocrx_word' id='word_1_69' title='bbox 293 1822 319 1875; x_wconf 90' lang='lat' dir='ltr'><strong>et</strong></span> <span class='ocrx_word' id='word_1_70' title='bbox 331 1819 468 1886; x_wconf 73' lang='lat' dir='ltr'><strong>instabiles,</strong></span> <span class='ocrx_word' id='word_1_71' title='bbox 481 1821 532 1876; x_wconf 84' lang='lat' dir='ltr'><strong>cito</strong></span> <span class='ocrx_word' id='word_1_72' title='bbox 544 1819 654 1876; x_wconf 87' lang='lat' dir='ltr'><strong>fallimur</strong></span> <span class='ocrx_word' id='word_1_73' title='bbox 665 1823 692 1876; x_wconf 89' lang='lat' dir='ltr'><strong>et</strong></span> <span class='ocrx_word' id='word_1_74' title='bbox 703 1823 884 1892; x_wconf 75' lang='lat' dir='ltr'><strong>permutamur.</strong></span> 
     </span>
    </p>

    <p class='ocr_par' dir='ltr' id='par_1_6' title="bbox 193 1925 986 2955">
     <span class='ocr_line' id='line_1_12' title="bbox 228 1925 985 1998; baseline -0.003 -16"><span class='ocrx_word' id='word_1_75' title='bbox 228 1930 253 1982; x_wconf 72' lang='lat'><strong>2.</strong></span> <span class='ocrx_word' id='word_1_76' title='bbox 272 1926 338 1987; x_wconf 80' lang='lat' dir='ltr'><strong>Quis</strong></span> <span class='ocrx_word' id='word_1_77' title='bbox 354 1927 491 1993; x_wconf 85' lang='lat' dir='ltr'><strong>esthemo,</strong></span> <span class='ocrx_word' id='word_1_78' title='bbox 508 1925 552 1998; x_wconf 91' lang='lat' dir='ltr'><strong>qui</strong></span> <span class='ocrx_word' id='word_1_79' title='bbox 567 1927 604 1981; x_wconf 85' lang='lat' dir='ltr'><strong>ita</strong></span> <span class='ocrx_word' id='word_1_80' title='bbox 619 1930 693 1982; x_wconf 85' lang='lat' dir='ltr'><strong>caute</strong></span> <span class='ocrx_word' id='word_1_81' title='bbox 714 1929 740 1981; x_wconf 90' lang='lat' dir='ltr'><strong>et</strong></span> <span class='ocrx_word' id='word_1_82' title='bbox 756 1925 938 1997; x_wconf 76' lang='lat' dir='ltr'><strong>circumspeete</strong></span> <span class='ocrx_word' id='word_1_83' title='bbox 957 1925 985 1980; x_wconf 89' lang='lat' dir='ltr'><strong>in</strong></span> 
     </span>
     <span class='ocr_line' id='line_1_13' title="bbox 193 2031 984 2103; baseline -0.004 -15"><span class='ocrx_word' id='word_1_84' title='bbox 193 2033 309 2089; x_wconf 88' lang='lat' dir='ltr'><strong>omnibus</strong></span> <span class='ocrx_word' id='word_1_85' title='bbox 332 2051 360 2088; x_wconf 87' lang='lat' dir='ltr'><strong>se</strong></span> <span class='ocrx_word' id='word_1_86' title='bbox 383 2032 510 2088; x_wconf 76' lang='lat' dir='ltr'><strong>custodire</strong></span> <span class='ocrx_word' id='word_1_87' title='bbox 532 2033 607 2098; x_wconf 80' lang='lat' dir='ltr'><strong>velet,</strong></span> <span class='ocrx_word' id='word_1_88' title='bbox 627 2035 657 2087; x_wconf 90' lang='lat' dir='ltr'><strong>ut</strong></span> <span class='ocrx_word' id='word_1_89' title='bbox 675 2031 807 2103; x_wconf 87' lang='lat' dir='ltr'><strong>aliquando</strong></span> <span class='ocrx_word' id='word_1_90' title='bbox 830 2032 857 2086; x_wconf 89' lang='lat' dir='ltr'><strong>in</strong></span> <span class='ocrx_word' id='word_1_91' title='bbox 875 2031 984 2103; x_wconf 80' lang='lat' dir='ltr'><strong>aliquam</strong></span> 
     </span>
     <span class='ocr_line' id='line_1_14' title="bbox 193 2135 985 2210; baseline 0 -16"><span class='ocrx_word' id='word_1_92' title='bbox 193 2139 367 2210; x_wconf 75' lang='lat' dir='ltr'><strong>deceptionem</strong></span> <span class='ocrx_word' id='word_1_93' title='bbox 377 2138 419 2194; x_wconf 83' lang='lat' dir='ltr'><strong>vel</strong></span> <span class='ocrx_word' id='word_1_94' title='bbox 433 2137 625 2210; x_wconf 76' lang='lat' dir='ltr'><strong>perplexitatem</strong></span> <span class='ocrx_word' id='word_1_95' title='bbox 640 2154 692 2192; x_wconf 87' lang='lat' dir='ltr'><strong>non</strong></span> <span class='ocrx_word' id='word_1_96' title='bbox 708 2137 813 2193; x_wconf 82' lang='lat' dir='ltr'><strong>veniet?</strong></span> <span class='ocrx_word' id='word_1_97' title='bbox 833 2135 883 2192; x_wconf 82' lang='lat' dir='ltr'><strong>Sed</strong></span> <span class='ocrx_word' id='word_1_98' title='bbox 898 2137 942 2208; x_wconf 89' lang='lat' dir='ltr'><strong>qui</strong></span> <span class='ocrx_word' id='word_1_99' title='bbox 957 2138 985 2194; x_wconf 89' lang='lat' dir='ltr'><strong>in</strong></span> 
     </span>
     <span class='ocr_line' id='line_1_15' title="bbox 193 2242 985 2315; baseline 0 -16"><span class='ocrx_word' id='word_1_100' title='bbox 193 2245 237 2310; x_wconf 82' lang='lat' dir='ltr'><strong>Te,</strong></span> <span class='ocrx_word' id='word_1_101' title='bbox 254 2245 377 2310; x_wconf 83' lang='lat' dir='ltr'><strong>Douruu,</strong></span> <span class='ocrx_word' id='word_1_102' title='bbox 396 2243 507 2310; x_wconf 76' lang='lat' dir='ltr'><strong>confidit,</strong></span> <span class='ocrx_word' id='word_1_103' title='bbox 519 2262 548 2300; x_wconf 85' lang='lat' dir='ltr'><strong>ae</strong></span> <span class='ocrx_word' id='word_1_104' title='bbox 560 2244 667 2314; x_wconf 81' lang='lat' dir='ltr'><strong>simplici</strong></span> <span class='ocrx_word' id='word_1_105' title='bbox 678 2261 710 2299; x_wconf 86' lang='lat' dir='ltr'><strong>ex</strong></span> <span class='ocrx_word' id='word_1_106' title='bbox 726 2242 801 2299; x_wconf 81' lang='lat' dir='ltr'><strong>eorde</strong></span> <span class='ocrx_word' id='word_1_107' title='bbox 817 2244 914 2315; x_wconf 83' lang='lat' dir='ltr'><strong>qusem&#39;t,</strong></span> <span class='ocrx_word' id='word_1_108' title='bbox 933 2261 985 2299; x_wconf 88' lang='lat' dir='ltr'><strong>non</strong></span> 
     </span>
     <span class='ocr_line' id='line_1_16' title="bbox 193 2347 984 2420; baseline -0.001 -15"><span class='ocrx_word' id='word_1_109' title='bbox 193 2354 247 2405; x_wconf 86' lang='lat' dir='ltr'><strong>tam</strong></span> <span class='ocrx_word' id='word_1_110' title='bbox 261 2350 336 2405; x_wconf 79' lang='lat' dir='ltr'><strong>facile</strong></span> <span class='ocrx_word' id='word_1_111' title='bbox 351 2349 453 2404; x_wconf 87' lang='lat' dir='ltr'><strong>labitur.</strong></span> <span class='ocrx_word' id='word_1_112' title='bbox 488 2349 525 2404; x_wconf 78' lang='lat' dir='ltr'><strong>m</strong></span> <span class='ocrx_word' id='word_1_113' title='bbox 537 2349 559 2404; x_wconf 86' lang='lat' dir='ltr'><strong>si</strong></span> <span class='ocrx_word' id='word_1_114' title='bbox 569 2349 686 2404; x_wconf 80' lang='lat' dir='ltr'><strong>inciderit</strong></span> <span class='ocrx_word' id='word_1_115' title='bbox 697 2347 725 2404; x_wconf 87' lang='lat' dir='ltr'><strong>in</strong></span> <span class='ocrx_word' id='word_1_116' title='bbox 736 2348 845 2420; x_wconf 82' lang='lat' dir='ltr'><strong>aliquam</strong></span> <span class='ocrx_word' id='word_1_117' title='bbox 860 2349 984 2405; x_wconf 82' lang='lat' dir='ltr'><strong>tribulati-</strong></span> 
     </span>
     <span class='ocr_line' id='line_1_17' title="bbox 193 2453 984 2527; baseline 0.001 -16"><span class='ocrx_word' id='word_1_118' title='bbox 193 2474 274 2521; x_wconf 90' lang='lat' dir='ltr'><strong>onem,</strong></span> <span class='ocrx_word' id='word_1_119' title='bbox 294 2471 444 2527; x_wconf 82' lang='lat' dir='ltr'><strong>quoeunque</strong></span> <span class='ocrx_word' id='word_1_120' title='bbox 462 2453 630 2508; x_wconf 86' lang='lat' dir='ltr'><strong>modoetiam</strong></span> <span class='ocrx_word' id='word_1_121' title='bbox 647 2454 725 2509; x_wconf 85' lang='lat' dir='ltr'><strong>fuerit</strong></span> <span class='ocrx_word' id='word_1_122' title='bbox 740 2454 890 2526; x_wconf 81' lang='lat' dir='ltr'><strong>implicatus,</strong></span> <span class='ocrx_word' id='word_1_123' title='bbox 908 2456 984 2512; x_wconf 86' lang='lat' dir='ltr'><strong>eitius</strong></span> 
     </span>
     <span class='ocr_line' id='line_1_18' title="bbox 193 2559 984 2634; baseline -0.001 -17"><span class='ocrx_word' id='word_1_124' title='bbox 193 2580 238 2634; x_wconf 89' lang='lat' dir='ltr'><strong>per</strong></span> <span class='ocrx_word' id='word_1_125' title='bbox 245 2562 281 2617; x_wconf 78' lang='lat' dir='ltr'><strong>&#39;le</strong></span> <span class='ocrx_word' id='word_1_126' title='bbox 289 2562 399 2627; x_wconf 87' lang='lat' dir='ltr'><strong>eruetur,</strong></span> <span class='ocrx_word' id='word_1_127' title='bbox 407 2563 451 2614; x_wconf 81' lang='lat' dir='ltr'><strong>aut</strong></span> <span class='ocrx_word' id='word_1_128' title='bbox 459 2559 517 2614; x_wconf 67' lang='lat' dir='ltr'><strong>aie</strong></span> <span class='ocrx_word' id='word_1_129' title='bbox 526 2559 702 2626; x_wconf 78' lang='lat' dir='ltr'><strong>oonsolnbitnr,</strong></span> <span class='ocrx_word' id='word_1_130' title='bbox 713 2559 876 2631; x_wconf 71' lang='lat' dir='ltr'><strong>quiaiunon</strong></span> <span class='ocrx_word' id='word_1_131' title='bbox 885 2560 984 2616; x_wconf 84' lang='lat' dir='ltr'><strong>deseres</strong></span> 
     </span>
     <span class='ocr_line' id='line_1_19' title="bbox 193 2665 985 2738; baseline -0.003 -13"><span class='ocrx_word' id='word_1_132' title='bbox 193 2668 221 2726; x_wconf 85' lang='lat' dir='ltr'><strong>in</strong></span> <span class='ocrx_word' id='word_1_133' title='bbox 232 2668 268 2722; x_wconf 67' lang='lat' dir='ltr'><strong>ie</strong></span> <span class='ocrx_word' id='word_1_134' title='bbox 280 2667 423 2738; x_wconf 79' lang='lat' dir='ltr'><strong>sperantem</strong></span> <span class='ocrx_word' id='word_1_135' title='bbox 434 2683 515 2736; x_wconf 91' lang='lat' dir='ltr'><strong>usque</strong></span> <span class='ocrx_word' id='word_1_136' title='bbox 526 2665 554 2720; x_wconf 90' lang='lat' dir='ltr'><strong>in</strong></span> <span class='ocrx_word' id='word_1_137' title='bbox 564 2665 646 2722; x_wconf 83' lang='lat' dir='ltr'><strong>finem.</strong></span> <span class='ocrx_word' id='word_1_138' title='bbox 672 2666 756 2722; x_wconf 73' lang='lat' dir='ltr'><strong>Rarus</strong></span> <span class='ocrx_word' id='word_1_139' title='bbox 768 2666 833 2722; x_wconf 85' lang='lat' dir='ltr'><strong>fidus</strong></span> <span class='ocrx_word' id='word_1_140' title='bbox 846 2667 948 2733; x_wconf 75' lang='lat' dir='ltr'><strong>unicus,</strong></span> <span class='ocrx_word' id='word_1_141' title='bbox 958 2669 985 2723; x_wconf 89' lang='lat' dir='ltr'><strong>in</strong></span> 
     </span>
     <span class='ocr_line' id='line_1_20' title="bbox 194 2772 986 2844; baseline 0 -16"><span class='ocrx_word' id='word_1_142' title='bbox 194 2773 292 2829; x_wconf 84' lang='lat' dir='ltr'><strong>eunetis</strong></span> <span class='ocrx_word' id='word_1_143' title='bbox 310 2772 384 2828; x_wconf 79' lang='lat' dir='ltr'><strong>amici</strong></span> <span class='ocrx_word' id='word_1_144' title='bbox 399 2789 561 2844; x_wconf 80' lang='lat' dir='ltr'><strong>perseverans</strong></span> <span class='ocrx_word' id='word_1_145' title='bbox 577 2773 710 2844; x_wconf 82' lang='lat' dir='ltr'><strong>pressuris.</strong></span> <span class='ocrx_word' id='word_1_146' title='bbox 746 2773 793 2840; x_wconf 69' lang='lat' dir='ltr'><strong>Tu,</strong></span> <span class='ocrx_word' id='word_1_147' title='bbox 809 2773 986 2839; x_wconf 79' lang='grc' dir='ltr'><strong>Ι)ο111114,Τ4</strong></span> 
     </span>
     <span class='ocr_line' id='line_1_21' title="bbox 193 2883 985 2955; baseline -0.001 -16"><span class='ocrx_word' id='word_1_148' title='bbox 193 2885 262 2940; x_wconf 82' lang='lat' dir='ltr'><strong>solus</strong></span> <span class='ocrx_word' id='word_1_149' title='bbox 280 2903 307 2940; x_wconf 85' lang='lat' dir='ltr'><strong>es</strong></span> <span class='ocrx_word' id='word_1_150' title='bbox 325 2883 484 2942; x_wconf 84' lang='lat' dir='ltr'><strong>fidelissimus</strong></span> <span class='ocrx_word' id='word_1_151' title='bbox 501 2883 529 2939; x_wconf 90' lang='lat' dir='ltr'><strong>in</strong></span> <span class='ocrx_word' id='word_1_152' title='bbox 544 2883 668 2949; x_wconf 86' lang='lat' dir='ltr'><strong>omnibus,</strong></span> <span class='ocrx_word' id='word_1_153' title='bbox 682 2886 708 2939; x_wconf 88' lang='lat' dir='ltr'><strong>et</strong></span> <span class='ocrx_word' id='word_1_154' title='bbox 719 2887 812 2955; x_wconf 78' lang='lat' dir='ltr'><strong>preter</strong></span> <span class='ocrx_word' id='word_1_155' title='bbox 827 2883 864 2940; x_wconf 84' lang='lat' dir='ltr'><strong>Te</strong></span> <span class='ocrx_word' id='word_1_156' title='bbox 879 2901 931 2939; x_wconf 88' lang='lat' dir='ltr'><strong>non</strong></span> <span class='ocrx_word' id='word_1_157' title='bbox 946 2886 985 2939; x_wconf 77' lang='lat' dir='ltr'><strong>est</strong></span> 
     </span>
    </p>
   </div>
   <div class='ocr_carea' id='block_1_6' title="bbox 195 2991 704 3146">
    <p class='ocr_par' dir='ltr' id='par_1_7' title="bbox 195 2991 704 3146">
     <span class='ocr_line' id='line_1_22' title="bbox 195 2991 334 3047; baseline 0.007 -1"><span class='ocrx_word' id='word_1_158' title='bbox 195 2991 257 3047; x_wconf 85' lang='lat' dir='ltr'><strong>alter</strong></span> <span class='ocrx_word' id='word_1_159' title='bbox 269 2992 334 3047; x_wconf 85' lang='lat' dir='ltr'><strong>talis.</strong></span> 
     </span>
     <span class='ocr_line' id='line_1_23' title="bbox 467 3097 704 3146; baseline 0 -10"><span class='ocrx_word' id='word_1_160' title='bbox 467 3107 477 3136; x_wconf 88' lang='grc'><strong>1</strong></span> <span class='ocrx_word' id='word_1_161' title='bbox 487 3100 520 3140; x_wconf 82' lang='grc' dir='ltr'><strong>Ρ1.</strong></span> <span class='ocrx_word' id='word_1_162' title='bbox 530 3099 567 3138; x_wconf 84' lang='lat' dir='ltr'><strong>lix.</strong></span> <span class='ocrx_word' id='word_1_163' title='bbox 577 3099 607 3138; x_wconf 79' lang='lat' dir='ltr'><strong>m.</strong></span> <span class='ocrx_word' id='word_1_164' title='bbox 619 3099 655 3146; x_wconf 73' lang='lat' dir='ltr'><strong>(lx.</strong></span> <span class='ocrx_word' id='word_1_165' title='bbox 665 3097 704 3145; x_wconf 75' lang='lat'>11.)</span> 
     </span>
    </p>
   </div>
   <div class='ocr_carea' id='block_1_7' title="bbox 0 0 1285 3842">
    <p class='ocr_par' dir='ltr' id='par_1_8' title="bbox 0 0 1285 3842">
     <span class='ocr_line' id='line_1_24' title="bbox 0 0 1285 3842; baseline 0 0"><span class='ocrx_word' id='word_1_166' title='bbox 0 0 1285 3842; x_wconf 95' lang='lat' dir='ltr'><strong> </strong></span> 
     </span>
    </p>
   </div>
  </div>
 </body>
</html>
