2524 3844
991 322 1170 334 ...ῃ-...4

314 428 343 474 le
560 427 609 484 DE
626 429 845 484 IMITATIONE

311 565 343 621 de
360 563 456 622 etelesti
472 566 683 637 oontemplotione
701 569 796 642 aliquid
812 567 928 642 experiri
963 567 1058 624 Totum
1075 570 1103 624 et
1156 522 1168 553 'y

312 677 449 734 maximum
460 677 667 750 impedimentum
679 682 726 746 est,
743 679 803 751 quie
819 697 871 734 non
882 697 969 735 sumus
981 696 997 733 s
1007 678 1105 750 passio

311 783 386 840 nibus
397 787 424 840 et
436 784 644 857 eonoupiseentiis
655 784 735 851 hireni,
747 803 795 840 nee
805 784 944 856 perfeetum
951 784 1103 838 Sanctorum

311 889 378 946 uiam
389 908 509 947 eonamur
519 890 625 964 ingredi.
662 891 771 950 Quando
783 881 860 946 etiem
872 889 1000 946 modieum
1015 887 1102 944 adver·

311 995 394 1051 sitatis
406 995 522 1062 uoeurrit,
535 996 610 1052 nimis
622 996 673 1051 eito
684 995 816 1067 dejicimur
827 997 854 1050 et
866 994 899 1049 ed
909 994 1031 1049 humanos
1043 1009 1102 1048 eon·

310 1099 446 1156 solutiones
458 1101 635 1156 eonvertimun

344 1209 369 1263 4.
388 1207 416 1262 Si
439 1207 585 1274 niteremur,
605 1207 671 1262 siout
688 1206 737 1262 viri
760 1206 847 1272 fortes,
873 1209 941 1261 stare
958 1206 986 1260 in
1002 1204 1098 1277 proelio,

307 1310 422 1385 profecto
434 1310 554 1366 auxilium
565 1312 675 1366 Deum
687 1330 763 1383 super
773 1331 820 1367 nos
831 1310 973 1367 rideremus
986 1311 1017 1367 de
1028 1311 1099 1368 eoelo.

308 1415 369 1488 Ipse
380 1417 448 1472 enim
460 1420 586 1472 certantes
604 1419 631 1471 et
643 1416 674 1471 de
687 1416 739 1471 Sua
749 1417 832 1488 gratio
849 1421 979 1489 sperantes
994 1421 1099 1490 perotus

308 1529 348 1582 est
365 1525 492 1599 adjuvare,
512 1525 566 1584 Qui
583 1524 656 1580 nobis
674 1514 787 1580 uertendi
804 1526 947 1581 suessiones
970 1531 1105 1598 procuret,-

307 1635 337 1686 ut
360 1631 497 1688 uincamus.
534 1631 563 1686 Si
584 1634 685 1686 tentum
703 1631 731 1687 in
751 1632 807 1688 istis
828 1633 996 1690 exterioribus
1015 1634 1099 1691 obser·

306 1738 398 1794 ventiis
409 1739 552 1811 proiectum
563 1737 691 1808 religionis
702 1738 826 1810 ponimus,
840 1737 891 1793 oito
908 1739 984 1794 finem
995 1739 1098 1796 hobebit

307 1845 407 1903 deuotio
423 1851 518 1902 nostre„
555 1845 606 1902 Sed
623 1845 656 1900 ed
672 1844 782 1900 radieem
799 1844 907 1899 securim
924 1863 1054 1916 ponemus,
1067 1848 1098 1901 ut

306 1953 408 2027 purgati
420 1973 435 2008 a
445 1953 604 2026 passiomirus
615 1953 745 2024 puoitioem
755 1955 867 2006 mentem
877 1951 1058 2022 possideamus.

341 2064 365 2115 5.
385 2060 413 2115 Si
424 2061 493 2114 omni
504 2077 570 2114 enno
583 2077 664 2113 unum
675 2058 766 2113 uitium
782 2056 972 2127 extirparemus,
986 2055 1038 2111 oitu
1049 2056 1098 2112 viri

305 2165 412 2238 perfecti
423 2166 584 2220 efficeremur.
621 2162 671 2218 Sed
681 2162 757 2217 modo
773 2160 924 2217 econtrario
939 2179 1006 2234 saepe
1020 2162 1097 2217 senti·

305 2289 369 2334 mus,
384 2272 415 2323 ut
430 2268 586 2323 meliores-et
604 2267 718 2338 puriores
732 2266 759 2321 in
772 2265 845 2321 initio
864 2267 1033 2324 conversionis
1044 2273 1096 2324 'nos

304 2373 383 2428 fuisse
394 2372 558 2439 inveniamus,
571 2391 646 2444 quom
658 2376 716 2444 post
727 2372 821 2428 multos
834 2391 912 2428 unnos
923 2374 1096 2445 professionis.

305 2477 400 2533 Feruor
411 2481 437 2533 et
448 2479 577 2549 profectus
586 2478 697 2550 quotidie
710 2479 812 2535 deberet
824 2498 952 2547 oresuere;
971 2480 1017 2536 sed
1027 2499 1096 2536 nuno

304 2601 350 2653 pro
361 2599 453 2654 magno
464 2583 571 2650 uidetur,
585 2584 607 2639 si
619 2585 675 2656 quis
689 2585 764 2656 primi
775 2585 880 2641 fervoris
893 2589 993 2657 pontem
1008 2590 1095 2658 posset

304 2688 420 2743 retinere.
458 2689 485 2742 Si
502 2689 625 2744 modicam
644 2689 791 2744 uiolentiam
813 2691 885 2746 nobis
909 2691 1048 2748 faceremus
1066 2691 1095 2748 in
1147 2706 1149 2715 '

303 2793 433 2866 principio,
455 2798 518 2850 tuno
540 2798 629 2866 postea
652 2799 745 2851 ennete
771 2815 902 2867 possemus
928 2800 1011 2856 faeere
1035 2820 1103 2856 eum

303 2903 407 2959 levitate
419 2907 445 2960 et
457 2904 557 2976 gaudio.

339 3010 362 3063 6.
382 3010 464 3064 Grave
489 3011 529 3063 est
555 3011 658 3064 assueta
680 3008 807 3066 dimittere
814 3033 823 3079 ;
856 3011 902 3067 sed
925 3014 1026 3085 gravius
1053 3017 1093 3070 est

303 3114 688 3183 eontrapropriamuoiuntetem
696 3115 740 3171 ire.
778 3117 828 3173 Sed
836 3118 858 3174 si
866 3137 918 3174 non
929 3120 1100 3193 uineisparun
