2546 3842
461 482 605 531 CHRISTI
623 481 727 533 111.1o.
953 487 998 534 105

147 620 149 633 '
242 623 267 675 4.
287 619 357 680 Quid
369 619 433 676 dabo
445 621 503 678 libi
512 640 559 694 pro
571 622 687 678 omnibus
703 623 760 677 istis
777 621 889 677 millibus
904 621 998 680 bonis?

207 722 315 779 Utinam
326 743 426 796 possem
438 725 496 780 Tibi
512 726 605 782 servire
617 725 716 788 cunctis¹
734 725 824 782 diebus
841 725 901 781 vitm
917 727 997 783 mec!

207 835 315 892 Utinam
330 836 372 892 rel
388 854 440 892 uno
457 836 498 892 dic
521 835 627 908 dignum
640 836 772 892 servitium
795 835 913 892 exhibere
933 836 999 892 suffi-

207 943 305 999 cerem!
318 945 387 999 Vere
395 943 470 999 Tuos
482 943 573 1016 diguus
582 942 651 998 omui
662 941 774 1008 servitio,
784 942 853 997 omni
861 925 963 1008 bonore,
972 946 999 998 et
1051 968 1052 993 l

147 1090 150 1117 ἶ
207 1049 281 1106 leude
290 1053 391 1107 aeterun
415 1050 485 1106 Vere
496 1033 537 1105 Tu
544 1050 670 1106 Dominus
679 1069 751 1105 mous
759 1069 794 1118 es,
806 1052 833 1106 ct
845 1068 894 1122 ego
902 1068 1000 1122 pauper
1050 1028 1052 1085 l

207 1174 296 1213 servus
307 1156 385 1223 Tuus,
404 1157 449 1228 qui
465 1156 528 1212 totis
545 1155 641 1212 viribus
652 1159 741 1212 teneor
757 1155 816 1211 Tibi
832 1154 934 1221 mutire,
952 1173 1000 1211 nec
1050 1102 1053 1198 l

208 1284 320 1338 unquam
331 1265 359 1320 in
369 1264 485 1321 laudibus
495 1264 561 1320 'Tuis
578 1263 656 1320 debeo
672 1262 802 1319 futinus:
831 1261 874 1318 Sic
884 1260 950 1326 volo,
963 1260 1000 1316 sio
1050 1252 1052 1298 l
1099 1323 1102 1330 ⁴

209 1369 331 1437 desidero,
344 1375 370 1426 et
382 1370 505 1443 quidquid
515 1369 578 1426 mihi
589 1370 668 1436 deest,
681 1369 722 1425 Tu
733 1369 844 1443 digneris
856 1368 981 1441 supplere.

243 1478 268 1532 5.
286 1475 399 1547 Magnus
410 1475 499 1542 honor,
511 1494 604 1547 magna
611 1475 693 1548 gloria
703 1475 760 1530 Tibi
773 1474 867 1530 servire
879 1477 906 1529 et
915 1474 1000 1529 omniu

209 1586 313 1655 propter
325 1584 361 1638 Te
372 1585 540 1638 contemnere.
576 1581 716 1640 Habebunt
731 1581 799 1637 enim
810 1581 919 1654 gretiam
931 1599 1000 1654 mag·

209 1705 276 1754 uem,
295 1688 340 1760 qui
357 1693 448 1762 sponte
464 1707 491 1744 se
512 1689 666 1759 subjecerint
685 1690 747 1744 tus
764 1688 930 1744 sanctissime
950 1705 1001 1744 ser·

210 1795 295 1852 rituti.
314 1796 449 1853 Invenient
459 1796 633 1853 suavissimum
644 1797 771 1852 Semirus
780 1797 881 1852 Suucrr
890 1795 1001 1852 console·

149 1892 151 1987 l
211 1904 314 1970 tionem,
327 1902 371 1975 qui
381 1921 428 1977 pro
441 1922 525 1959 amore
538 1903 594 1958 Tuo
610 1921 711 1959 omnem
729 1903 854 1960 carnalem
865 1901 1001 1974 abjecerint

212 2010 411 2112 delectationem.
455 2011 650 2086 Consequentur
672 2031 791 2086 mogonm
813 2011 906 2067 mentis
928 2009 1001 2068 liber·

210 2123 299 2187 tutem,
308 2120 352 2193 qui
363 2124 458 2176 arctum
467 2139 514 2193 pro
525 2121 627 2177 nomine
639 2122 694 2176 Tuo
702 2119 881 2193 ingrediuntur
891 2117 1002 2184 vianet

211 2245 312 2284 omnem
323 2227 476 2283 mundanum
486 2227 645 2299 neglexerint
657 2246 750 2284 curam.

247 2339 272 2394 6.
291 2337 315 2392 O
332 2340 406 2408 gruta
421 2340 448 2391 et
463 2335 577 2408 jucunde
590 2336 647 2390 Du1
664 2336 781 2401 servitus,
801 2354 851 2406 que
867 2334 944 2391 homo
961 2354 1003 2391 ve·

213 2444 306 2500 reciter
313 2444 420 2500 efficitur
428 2443 493 2500 liber
504 2446 531 2499 et
540 2437 659 2499 sanctus!
680 2443 784 2498 Osecer
796 2446 879 2498 status
891 2443 1004 2515 religiosi

213 2549 358 2616 famulatus,
377 2548 421 2622 qui
437 2548 566 2604 hominem
579 2548 686 2620 Angelis
700 2547 783 2603 reddit
800 2549 929 2620 aequalem,
942 2548 1004 2603 Duo

151 2700 153 2715 .
213 2657 368 2730 placabilem,
388 2652 544 2714 demonibus
558 2655 706 2723 terribilem,
725 2660 752 2712 et
770 2659 869 2714 cunctis
886 2657 1004 2713 fidelibus

214 2759 450 2821 commendabilem!
470 2766 493 2820 Ο
506 2759 709 2837 amplectendum
716 2769 742 2821 et
754 2783 853 2837 semper
865 2763 1005 2837 optandum
1109 2759 1112 2764 ’

215 2873 354 2938 servitium,
368 2879 418 2943 qu'o
430 2869 556 2927 summum
567 2881 727 2945 promeretur
733 2872 836 2940 bonum,
848 2877 875 2930 et
884 2871 1006 2946 gaudium

150 2982 152 3019 l
215 2979 421 3054 acquiritur'siue'
432 2979 482 3034 line
493 2981 656 3036 mensurum!
952 2977 955 2983 ’
