2546 3842
439 410 584 460 CHRISTI
602 410 653 460 111.
670 413 710 471 45,
722 413 762 462 td.
950 413 996 464 lto

204 548 328 613 Domum,
340 565 373 602 nc
384 546 413 602 in
422 565 513 603 manno
525 565 613 604 eorum
623 549 739 616 incidam,
752 569 800 608 neo
811 569 924 624 unquam
934 552 996 608 tutia

203 655 367 710 committam.
402 653 518 711 Verbum
526 673 617 711 verum
630 659 657 712 et
673 655 764 712 stabile
776 655 809 712 da
819 656 847 712 in
858 674 887 712 oa
899 675 994 722 meum,

202 762 230 815 et
246 760 359 832 linguam
373 759 489 816 callidam
506 760 582 833 longe
597 761 639 818 fac
653 779 669 816 a
681 780 731 818 me.
767 762 846 823 Quod
861 761 917 834 pati
926 761 993 828 nolo,

202 867 344 923 omnimodo
356 885 444 923 cavero
456 867 543 924 debeo.

237 975 261 1026 5.
280 971 304 1026 Ο
322 989 398 1042 quam
414 971 509 1028 bonum
526 976 553 1028 et
570 973 703 1045 pacificum
720 972 751 1030 dc
769 972 825 1029 aliis
846 973 927 1040 silere,
946 993 994 1030 nec

201 1075 373 1132 indifferenter
396 1077 479 1133 omnia
502 1077 610 1144 credere,
634 1095 716 1150 neque
740 1078 772 1134 de
794 1078 862 1135 faciti
884 1079 993 1135 ulterius

200 1169 278 1236 effari,
290 1169 378 1241 paucis
390 1188 418 1225 ae
428 1170 513 1241 iprum
527 1170 645 1237 revelare,
658 1173 695 1227 Te
712 1190 811 1244 semper
821 1173 993 1245 inspectorem

200 1275 283 1332 cordia
301 1293 419 1348 querere,
431 1293 479 1332 neo
496 1277 566 1332 omni
581 1279 658 1333 vento
675 1277 811 1334 verborum
825 1279 992 1344 circumferri,

199 1381 245 1437 sed
261 1381 347 1437 omnia
362 1381 453 1437 intima
469 1385 496 1438 et
513 1385 619 1438 externo
638 1381 775 1440 secondum
793 1383 915 1454 placitum
932 1385 993 1440 rnae

198 1485 337 1542 voluntatis
344 1489 432 1558 optare
438 1487 539 1559 portici!
558 1487 644 1547 Quam
650 1490 792 1559 tutumpro
801 1488 993 1544 conservatione

199 1591 307 1648 ooeleutia
334 1592 424 1664 gratioe
452 1591 588 1647 humanam
611 1591 707 1664 'fugere
736 1592 915 1664 apparentiam,
945 1611 992 1649 nco

198 1700 317 1769 appetere
340 1716 396 1769 quae
418 1697 480 1753 foris
504 1697 694 1753 admirationem
722 1695 843 1754 ridentur
870 1695 990 1768 praebere,

198 1802 243 1858 sed
260 1820 291 1858 ea
307 1806 364 1859 tota
384 1803 518 1860 sedulitate
534 1804 627 1859 sectari
642 1822 699 1875 quae
715 1803 776 1859 vitae
791 1801 992 1859 emendationem

197 1908 259 1964 dant
276 1911 304 1964 et
326 1909 466 1966 fervorem!
495 1909 581 1970 Quam
603 1909 691 1965 multia
709 1909 797 1965 nocuit
819 1909 902 1964 virtus
926 1909 991 1965 scita

197 2033 227 2071 ac
254 2033 412 2088 praepropere
435 2016 556 2072 laudata!
588 2015 674 2076 Quam
701 2033 762 2071 rane
789 2015 886 2087 profuit
909 2015 992 2086 gratia

197 2119 298 2176 silentio
316 2124 416 2177 servata
437 2121 466 2176 in
482 2121 530 2176 hac
547 2119 630 2193 fragm
647 2121 709 2187 vite,
728 2138 785 2190 que
803 2122 860 2176 tota
881 2120 991 2176 tentatio

195 2224 278 2280 fertur
289 2228 316 2281 et
328 2225 433 2281 militia!

511 2405 659 2451 ,ΕΞ-Ὠ

475 2592 594 2649 CAPUT
622 2593 721 2649 XLVL

212 2753 249 2792 DE
268 2751 453 2792 compartum
470 2752 501 2792 IN
520 2752 574 2792 1)Εο
592 2753 724 2792 munna
742 2753 855 2796 QUANDO
873 2753 970 2794 maure

404 2848 477 2888 GUNT
494 2848 647 2888 vnn-Bonum
667 2848 778 2888 JACULA.

228 2989 253 3044 1.
272 2986 352 3054 ‘'Fili,
360 2990 402 3043 atu
412 2987 520 3043 firmiter
529 2990 556 3043 et
565 3004 639 3058 spera
650 2987 678 3042 in
689 2985 742 3040 Mo.
768 2983 841 3044 Quid
851 2983 919 3039 cuim
930 2987 991 3039 aunt

193 3093 277 3162 verba,
290 3094 340 3150 nisi
352 3093 450 3151 verba?
479 3093 532 3149 Per
548 3097 635 3149 acrem
652 3091 749 3157 volant,
763 3087 809 3146 red
819 3088 927 3162 lepidam
938 3107 991 3146 non
