2528 3850
282 453 331 502 2⁰2
536 446 585 496 DE
604 445 823 495 ῙΜΙΤΔΤΙΟΝΕ

281 585 408 658 affligitur,
426 586 453 639 et
473 583 515 639 iile
532 586 586 638 torn
610 583 701 639 eximie
724 583 859 639 eneltstnr.
895 583 952 638 Iste
974 600 1076 639 omnem

280 695 416 750 humanam
432 694 580 750 iecultstcm
597 693 732 760 excedunt,
750 711 798 749 nec
814 693 848 748 ed
870 691 1076 765 invesegsndum

276 802 402 875 judicium
425 803 538 860 divinum
561 804 613 860 uile
635 803 701 859 retio
724 803 844 876 prevalet
861 802 902 858 vel
925 800 1073 873 disputatio.

279 910 389 972 Quando
401 930 462 984 ergo
473 913 528 968 hsee
539 912 588 969 tibi
603 912 720 984 suggerit
734 911 858 978 inimicus,
871 909 914 966 vel
924 909 1001 965 etiem
1018 908 1074 978 qni·

277 1017 336 1073 dem
347 1019 441 1075 curiosi
457 1019 589 1092 inquirunt
606 1018 728 1084 homines,
741 1014 865 1088 responde
882 1014 946 1072 illud
962 1013 1076 1085 Prophe·

276 1132 327 1183 te:
346 1131 433 1185 Justus
448 1149 480 1195 es,
493 1129 617 1195 Donum,
630 1133 655 1183 ei
669 1133 761 1183 rectem
774 1129 900 1199 judiciem
919 1124 1026 1188 ituci:
1045 1128 1073 1180 et

276 1233 356 1290 illud:
374 1237 478 1292 Jedics'a
495 1237 684 1302 Donoussa,
696 1236 878 1307 jmtsficaiain
896 1237 969 1290 semei
986 1235 1070 1302 siccam¹

275 1340 377 1397 indicis
393 1341 456 1398 Meo
471 1341 609 1398 metuende
625 1346 694 1409 sunt,
706 1359 760 1399 non
775 1340 940 1407 discutienda
954 1339 1013 1411 quie
1021 1337 1073 1393 hn-
1164 1317 1170 1328 ⁸

275 1465 349 1502 meno
360 1447 500 1504 intellectui
513 1451 574 1505 snnt
585 1448 852 1521 incomprehensibilia

311 1555 335 1608 2.
353 1553 440 1610 “Noli
462 1554 540 1610 etiem
562 1555 690 1626 inquirere
709 1573 757 1610 nec
774 1554 905 1626 disputare
922 1552 1070 1608 demeritis

275 1660 434 1727 Sanctorum,
448 1662 504 1733 quis
517 1661 566 1717 etio
578 1662 612 1717 sit
629 1662 747 1728 sanctior,
760 1666 805 1718 eut
822 1663 879 1734 quis
897 1661 977 1732 major
990 1661 1070 1717 fuerit

272 1765 301 1820 in
318 1783 397 1838 regno
416 1766 543 1823 coelorum.
580 1767 652 1823 Telis
669 1770 792 1840 generent
807 1785 874 1839 saepe
892 1767 951 1823 lites
966 1771 993 1822 et
1010 1784 1070 1822 con·

272 1873 400 1928 tentiones
411 1873 514 1930 inutiles
525 1897 532 1941 ;
550 1875 670 1930 nutriunt
682 1891 782 1945 qnoque
790 1875 934 1947 superbiam
941 1878 968 1931 et
977 1893 1070 1931 venem

271 1975 394 2048 gloriem:
425 1979 493 2034 unde
510 1980 628 2037 oriuntur
644 1980 790 2038 invidisset
808 1980 985 2048 dissensiones,
1005 1980 1068 2036 dum

270 2085 321 2140 iste
332 2085 405 2141 illuns
417 2086 546 2156 Sanctum,
557 2091 584 2144 et
596 2088 661 2144 elius
677 2088 754 2144 eiinm
765 2093 873 2145 conetur
884 2089 993 2162 superbe
1004 2107 1068 2161 prse-

270 2192 345 2248 ferre.
381 2192 453 2248 Telis
475 2197 562 2250 entem
584 2194 649 2251 velie
667 2195 732 2251 scire
750 2197 950 2270 etinvestigare
967 2197 1068 2254 nullum

269 2300 383 2356 finctum
403 2301 520 2369 effcmnt,
545 2301 591 2358 sed
607 2302 689 2375 magis
713 2303 813 2360 Sennis
837 2304 988 2377 displicent;
1006 2306 1068 2378 quis

269 2425 318 2462 essi
334 2427 386 2463 sum
398 2409 476 2466 Dnns
488 2413 651 2478 dissensionis,
664 2413 709 2467 sed
717 2415 807 2482 ,oecis'¹
814 2435 826 2476 ;
845 2430 902 2483 quse
917 2431 969 2484 pax
983 2413 1066 2486 magis

268 2514 296 2568 in
319 2514 464 2572 hnmilitate
481 2535 549 2584 vers,
568 2536 644 2589 quem
666 2518 695 2573 in
714 2518 817 2590 proprie
833 2519 988 2576 exaltatione
1004 2537 1067 2576 con-

268 2619 346 2675 sistit.

303 2729 327 2781 3.
345 2727 480 2788 “Quidam
495 2730 550 2786 zelo
567 2732 708 2788 dilectionis
722 2733 860 2790 trahuntur
872 2734 904 2789 ed
920 2734 968 2791 hos
979 2734 1021 2791 vel
1032 2733 1067 2790 ed

266 2833 323 2888 iilos
335 2833 450 2905 ampliori
468 2837 567 2904 affectu,
580 2838 626 2894 sed
642 2839 753 2896 hnmano
769 2840 856 2912 potius
874 2859 950 2913 quem
967 2839 1064 2897 divino.

266 2939 323 3011 Ego
346 2959 411 3010 sum,
435 2942 489 3002 Qui
506 2947 611 3000 cunctos
633 2945 735 3002 condidi
753 2947 877 3015 Senot0s3
895 2949 952 3021 Ego
970 2947 1064 3004 donari

314 3095 320 3123 ¹
329 3097 364 3138 Ps.
373 3099 444 3139 oxrffl.
454 3101 526 3148 (cxlx.)
536 3101 578 3144 lit.
750 3111 764 3132 ¹
773 3103 870 3144 lezi-111.
880 3104 911 3144 10.
921 3104 973 3148 (xix
984 3105 1010 3145 9.)

573 3172 583 3191 ¹
592 3164 603 3204 1
611 3165 655 3204 cor.
664 3165 707 3205 xis.
717 3166 747 3205 88.
