2546 3842
428 474 571 524 CHRISTI
595 476 647 525 111.
660 480 699 536 21,
710 481 749 527 22.
943 482 988 532 127

474 847 592 904 CAPUT
619 849 709 904 XXII.

105 1071 108 1079 Ι
194 1025 230 1063 DE
248 1025 458 1066 Enconofflonn
477 1029 680 1070 MULTIPLICIUM
699 1032 908 1074 Babanomon
928 1035 985 1075 DEI.

229 1183 253 1238 1.
271 1184 358 1254 Aperi,
374 1183 651 1252 Don1nn,oormeum
662 1188 689 1242 in
700 1187 756 1260 lege
771 1189 834 1254 'lua
847 1193 874 1245 et
885 1191 913 1245 in
923 1209 985 1262 prae·

193 1289 273 1360 neptis
291 1289 353 1345 Tuis
372 1289 433 1345 doce
456 1310 497 1346 me
521 1292 670 1348 ambulare¹.
706 1291 748 1348 Da
764 1294 827 1349 mihi
843 1293 985 1366 intelligere

193 1394 350 1450 voluntatem
362 1395 450 1465 Tuam,
462 1401 488 1451 et
501 1416 559 1452 curn
570 1417 662 1471 magna
673 1399 814 1456 reverentia
825 1418 855 1456 ao
869 1400 983 1472 diligenti

193 1499 394 1557 oonsideratione
410 1502 532 1558 beneficia
548 1505 605 1560 'lua
619 1510 674 1562 tam
691 1508 719 1562 in
735 1507 847 1580 genardi
864 1526 940 1578 qnam
957 1508 985 1564 in

193 1607 295 1678 speciali
305 1609 446 1675 memorari,
459 1613 490 1665 ut
508 1610 583 1681 digne
595 1612 652 1668 Tibi
669 1613 761 1669 orbino
776 1614 873 1669 valeam
889 1615 983 1686 gratias

192 1713 294 1768 referre.
330 1713 488 1771 Vernmsoio
497 1719 523 1771 et
531 1719 659 1784 confiteor,
668 1737 768 1791 neopro
777 1719 984 1791 minimopunoto

191 1838 232 1874 me
248 1838 322 1891 posse
339 1821 437 1877 debitas
452 1823 594 1892 gratiarum
609 1824 696 1880 laudes
711 1825 860 1898 persolvere.
896 1826 984 1881 Minor

191 1944 239 1997 ego
257 1944 313 1980 snm
331 1927 448 1983 omnibns
465 1928 538 1984 bonis
554 1929 616 1984 mihi
633 1929 772 2002 praestitis3
790 1934 816 1985 et
829 1949 886 1985 oum
902 1931 983 1986 Tuam

190 2032 348 2089 nobilitatem
360 2034 472 2100 attendo,
485 2035 570 2091 deficit
581 2054 634 2107 prae
645 2035 820 2108 magnitudine
831 2035 899 2092 illius
911 2036 983 2108 spiri·

190 2145 233 2194 tus
244 2158 325 2196 meus,

225 2249 249 2301 2.
268 2245 361 2300 Omnia
378 2265 434 2317 quae
448 2247 475 2300 in
493 2247 576 2301 anima
592 2247 714 2303 habemus
733 2251 759 2304 et
778 2248 805 2303 in
825 2265 937 2320 corpore,
955 2252 982 2303 et

189 2369 345 2424 quacunque
361 2353 473 2409 exterius
489 2354 530 2409 vel
545 2355 660 2420 interius,
679 2355 830 2411 naturaliter
844 2354 884 2411 vel
896 2375 982 2428 super-

189 2459 337 2514 naturaliter
351 2459 516 2530 possidemus,
529 2459 585 2515 Tna
600 2465 661 2516 sunt
678 2457 805 2531 benefida
818 2465 845 2517 et
857 2463 893 2517 Ta
904 2462 981 2518 bene-

186 2567 271 2632 ficum,
281 2567 358 2637 pium,
371 2584 400 2621 ao
411 2565 507 2622 bonum
518 2568 702 2634 commendant,
716 2587 731 2622 a
744 2570 800 2636 Qno
811 2568 878 2624 bona
889 2573 982 2625 cuneta

185 2672 336 2743 accepimus.
372 2672 431 2728 Etsi
452 2672 516 2728 alius
538 2674 618 2745 plura,
644 2675 707 2730 alius
730 2676 850 2746 pauciora
873 2676 978 2747 aooepit,

187 2778 271 2832 omnia
281 2782 367 2833 tamen
383 2779 438 2833 lna
456 2782 524 2846 sunt,
535 2784 564 2852 et
576 2780 630 2836 sine
646 2783 682 2836 'l'e
693 2800 740 2837 neo
752 2781 884 2836 minimum
893 2784 980 2853 potest

186 2871 280 2926 haberi.
316 2869 364 2928 Ille
376 2872 421 2944 qui
431 2871 529 2945 majora
545 2875 648 2945 aceepit,
661 2893 713 2930 non
728 2878 814 2946 potest
830 2875 921 2929 merito
933 2892 980 2929 suo

185 2977 295 3048 gloriari,
306 2995 388 3049 neque
402 2996 480 3050 super
491 2979 553 3034 alios
568 2980 663 3048 extolli,
674 2999 721 3035 neo
733 2979 824 3035 minori
840 2978 979 3045 insultam

186 3081 245 3152 quia
260 3081 302 3138 ille
314 3083 396 3155 major
407 3087 434 3139 et
445 3083 540 3151 melior,
554 3085 598 3156 qui
610 3084 659 3141 sibi
675 3085 759 3141 minus
774 3084 902 3152 adscribit,
914 3088 941 3140 et
952 3083 979 3139 in
