2528 3850
442 421 584 476 onmsrr
602 427 645 475 ru.
665 415 722 478 17.Ι
928 431 974 476 aas

187 559 230 617 tali
243 559 300 629 lide,
309 579 361 633 spe,
371 565 397 616 et
408 562 520 632 puritate
529 563 565 616 ue
574 557 667 616 'affeetu
677 561 753 616 hodie
766 547 977 633 suscipere,siout

188 669 224 722 Te
233 666 539 738 suseepitetdesideravit
549 667 707 722 sanctissima
714 667 979 738 materTuagloriosa

189 777 270 849 Virgo
281 777 372 842 Maria,
386 776 485 847 quando
497 776 603 848 Angelo,
614 775 796 846 evangelizanti
808 775 857 831 sibi
868 775 980 830 incarne

189 884 266 938 tionis
283 883 438 954 mysterium,
450 881 579 936 humiliter
597 899 626 937 ao
644 881 735 937 devote
752 881 899 954 respondit:
921 884 982 937 Eece

191 992 284 1044 arretlla
295 988 410 1052 Donum,
415 991 468 1057 fiat
479 990 539 1041 mili
550 989 677 1041 secundam
689 989 784 1042 verbam
798 992 887 1052 tauma

227 1098 251 1151 3.
270 1090 484 1151 assimitatus
502 1085 642 1164 praeurs'or
658 1093 737 1160 Tuus,
755 1093 982 1149 exoellentissimus

194 1201 350 1266 Sanctorum,
363 1201 474 1256 loannes
494 1199 619 1271 Baptista,
640 1198 821 1270 inpraesentia
841 1199 897 1254 Tua
916 1198 983 1254 laeta·

193 1305 293 1361 bundus
305 1304 428 1360 exultavit
439 1305 467 1360 in
475 1301 567 1376 gaudio
577 1305 703 1360 Srmrrus
714 1305 822 1370 Sauum,
833 1304 893 1359 dum
902 1304 984 1360 adhue

194 1412 314 1467 maternis
327 1410 485 1466 clauderetur
496 1409 651 1476 viseeribus;
669 1414 696 1465 et
707 1408 868 1480 postmodum
880 1428 984 1466 uernans

195 1518 263 1572 inter
273 1516 387 1572 homines
404 1516 496 1570 Jusunr
514 1513 690 1580 ambulantem,
707 1514 779 1570 valde
797 1533 825 1570 se
842 1514 983 1580 humilians,

197 1624 289 1680 devoto
307 1641 365 1678 oum
383 1623 475 1677 affectu
493 1621 608 1677 dioebat:
629 1623 729 1682 Animas
746 1626 826 1676 aulem
843 1623 987 1692 sponsique·

198 1736 250 1785 atat
259 1736 285 1785 et
300 1731 373 1784 audit
387 1748 446 1794 aum,
456 1729 550 1800 quadie
564 1729 658 1800 quade!
668 1732 770 1798 propter
785 1746 863 1782 vocem
880 1727 984 1797 aalma

199 1836 235 1891 sio
248 1840 274 1890 et
286 1853 333 1906 ego
345 1835 443 1906 magnis
455 1837 481 1890 et
494 1833 571 1888 samis
583 1833 712 1889 desideriis
725 1836 785 1904 opto
794 1833 950 1900 inflammari,
960 1837 987 1888 et

200 1941 257 1997 Tibi
269 1960 300 1996 ex
311 1944 367 1996 toto
379 1938 454 1996 eorde
464 1958 505 1994 me
516 1939 600 2011 ipsum
611 1942 771 2010 praesentare.
807 1939 886 1994 Unde
898 1941 925 1994 et
936 1957 987 1995 om·

200 2047 271 2102 nium
283 2046 430 2103 devotorum
442 2045 554 2102 oordium
564 2044 735 2117 jubilationes,
745 2044 862 2101 ardentes
874 2047 986 2112 affectus,

201 2152 322 2207 mentales
341 2171 467 2218 excessus,
484 2170 513 2208 ao
530 2152 734 2223 supernaturales
749 2153 945 2210 illuminationes
962 2158 988 2210 et

203 2257 300 2312 ooelioas
317 2259 426 2314 visiones
444 2258 501 2313 Tibi
519 2259 596 2314 offero
614 2261 640 2314 et
661 2258 774 2325 exhibeo,
796 2277 854 2316 oum
875 2261 990 2317 omnibus

202 2364 340 2420 virtutibus
353 2368 379 2420 et
390 2364 514 2431 laudibus,
528 2365 559 2421 ab
577 2367 645 2420 omni
663 2370 780 2422 ereatura
795 2367 823 2422 in
840 2368 902 2424 ooelo
920 2372 946 2424 et
963 2370 990 2424 in

203 2475 273 2528 terra
284 2472 414 2528 eelebratis
426 2475 453 2528 et
464 2446 626 2540 celebrandis,
639 2492 685 2544 pro
696 2492 738 2528 me
755 2478 781 2530 et
798 2475 913 2531 omnibus
930 2477 992 2532 mihi

205 2577 232 2632 in
249 2577 362 2635 oratione
380 2577 566 2645 commendatis,
586 2581 710 2649 quatenus
730 2578 762 2634 ab
780 2579 896 2635 omnibus
916 2580 992 2652 digne

206 2682 323 2749 lauderis,
336 2687 363 2739 et
374 2684 401 2738 in
412 2687 563 2756 perpetuum
574 2684 728 2756 glorificeris.

242 2793 267 2845 4.
285 2791 379 2862 Aooipe
396 2794 456 2847 rota
472 2810 535 2858 mea,
545 2793 667 2847 Dounon
688 2792 766 2846 Dnus
783 2809 862 2858 meus,
881 2793 908 2847 et
931 2790 995 2848 desi·

209 2901 278 2956 deria
289 2901 393 2957 infinita
404 2901 555 2972 laudationis
568 2921 597 2958 ao
605 2903 734 2958 immensa
740 2902 930 2969 benedictionis,
939 2921 994 2974 quae

209 3007 267 3064 Tibi
290 3008 428 3064 seeundum
449 3008 638 3076 multitudinem
661 3009 793 3066 ineffabilis
816 3009 995 3080 magnitudinis

333 3130 425 3170 esum.
435 3130 450 3169 i.
459 3131 490 3170 aa.
704 3128 873 3169 assensum.
