<?xml version="1.0" encoding="UTF-8"?>
<!DOCTYPE html PUBLIC "-//W3C//DTD XHTML 1.0 Transitional//EN"
    "http://www.w3.org/TR/xhtml1/DTD/xhtml1-transitional.dtd">
<html xmlns="http://www.w3.org/1999/xhtml" xml:lang="en" lang="en">
 <head>
  <title>
</title>
<meta http-equiv="Content-Type" content="text/html;charset=utf-8" />
  <meta name='ocr-system' content='tesseract 3.04.00' />
  <meta name='ocr-capabilities' content='ocr_page ocr_carea ocr_par ocr_line ocrx_word'/>
</head>
<body>
  <div class='ocr_page' id='page_1' title='image "./deimitationechr01thomgoog_0138.png"; bbox 0 0 2546 3842; ppageno 0'>
   <div class='ocr_carea' id='block_1_1' title="bbox 465 424 1023 482">
    <p class='ocr_par' dir='ltr' id='par_1_1' title="bbox 465 424 1023 482">
     <span class='ocr_line' id='line_1_1' title="bbox 465 424 1023 482; baseline -0.009 -8"><span class='ocrx_word' id='word_1_1' title='bbox 465 425 608 474; x_wconf 80' lang='lat' dir='ltr'><strong>CHRISTI</strong></span> <span class='ocrx_word' id='word_1_2' title='bbox 626 424 678 474; x_wconf 91' lang='lat' dir='ltr'><strong>III.</strong></span> <span class='ocrx_word' id='word_1_3' title='bbox 696 428 736 482; x_wconf 84' lang='lat'><strong>20,</strong></span> <span class='ocrx_word' id='word_1_4' title='bbox 753 425 792 473; x_wconf 82' lang='lat'><strong>21.</strong></span> <span class='ocrx_word' id='word_1_5' title='bbox 867 447 869 453; x_wconf 92' lang='lat'>·</span> <span class='ocrx_word' id='word_1_6' title='bbox 979 424 1023 470; x_wconf 78' lang='lat'><strong>123</strong></span> 
     </span>
    </p>
   </div>
   <div class='ocr_carea' id='block_1_2' title="bbox 227 558 1023 1799">
    <p class='ocr_par' dir='ltr' id='par_1_2' title="bbox 228 558 1023 954">
     <span class='ocr_line' id='line_1_2' title="bbox 229 558 1023 645; baseline -0.001 -30"><span class='ocrx_word' id='word_1_7' title='bbox 229 561 336 645; x_wconf 75' lang='lat' dir='ltr'><strong>trahunt</strong></span> <span class='ocrx_word' id='word_1_8' title='bbox 348 560 380 616; x_wconf 81' lang='lat' dir='ltr'><strong>ad</strong></span> <span class='ocrx_word' id='word_1_9' title='bbox 391 561 533 628; x_wconf 78' lang='lat' dir='ltr'><strong>amandum,</strong></span> <span class='ocrx_word' id='word_1_10' title='bbox 546 561 595 616; x_wconf 79' lang='lat' dir='ltr'><strong>elia</strong></span> <span class='ocrx_word' id='word_1_11' title='bbox 609 560 642 616; x_wconf 81' lang='lat' dir='ltr'><strong>ed</strong></span> <span class='ocrx_word' id='word_1_12' title='bbox 653 559 871 617; x_wconf 86' lang='lat' dir='ltr'><strong>contemnendum.</strong></span> <span class='ocrx_word' id='word_1_13' title='bbox 907 558 1023 614; x_wconf 67' lang='lat' dir='ltr'><strong>Ilehnnt</strong></span> 
     </span>
     <span class='ocr_line' id='line_1_3' title="bbox 229 668 1022 734; baseline -0.005 -11"><span class='ocrx_word' id='word_1_14' title='bbox 229 668 262 723; x_wconf 84' lang='lat' dir='ltr'><strong>ed</strong></span> <span class='ocrx_word' id='word_1_15' title='bbox 271 687 382 726; x_wconf 80' lang='lat' dir='ltr'><strong>amorem</strong></span> <span class='ocrx_word' id='word_1_16' title='bbox 389 668 479 724; x_wconf 62' lang='lat' dir='ltr'><strong>mindi</strong></span> <span class='ocrx_word' id='word_1_17' title='bbox 487 670 632 723; x_wconf 68' lang='lat' dir='ltr'><strong>desiderem</strong></span> <span class='ocrx_word' id='word_1_18' title='bbox 641 671 730 734; x_wconf 71' lang='lat' dir='ltr'><strong>camis,</strong></span> <span class='ocrx_word' id='word_1_19' title='bbox 739 669 884 722; x_wconf 45' lang='lat' dir='ltr'><strong>&amp;derium</strong></span> <span class='ocrx_word' id='word_1_20' title='bbox 892 668 1022 731; x_wconf 75' lang='lat' dir='ltr'><strong>oculorum,</strong></span> 
     </span>
     <span class='ocr_line' id='line_1_4' title="bbox 228 773 1022 846; baseline -0.001 -18"><span class='ocrx_word' id='word_1_21' title='bbox 228 779 254 828; x_wconf 77' lang='lat' dir='ltr'><strong>et</strong></span> <span class='ocrx_word' id='word_1_22' title='bbox 264 777 378 844; x_wconf 75' lang='lat' dir='ltr'><strong>superbia</strong></span> <span class='ocrx_word' id='word_1_23' title='bbox 389 778 473 838; x_wconf 66' lang='lat' dir='ltr'><strong>verce</strong></span> <span class='ocrx_word' id='word_1_24' title='bbox 492 774 537 829; x_wconf 89' lang='lat' dir='ltr'><strong>sed</strong></span> <span class='ocrx_word' id='word_1_25' title='bbox 549 792 630 846; x_wconf 84' lang='lat' dir='ltr'><strong>poenae</strong></span> <span class='ocrx_word' id='word_1_26' title='bbox 641 792 671 828; x_wconf 84' lang='lat' dir='ltr'><strong>ee</strong></span> <span class='ocrx_word' id='word_1_27' title='bbox 682 773 789 829; x_wconf 74' lang='lat' dir='ltr'><strong>miserie</strong></span> <span class='ocrx_word' id='word_1_28' title='bbox 805 773 875 845; x_wconf 88' lang='lat' dir='ltr'><strong>juste</strong></span> <span class='ocrx_word' id='word_1_29' title='bbox 887 774 1022 843; x_wconf 85' lang='lat' dir='ltr'><strong>sequentes</strong></span> 
     </span>
     <span class='ocr_line' id='line_1_5' title="bbox 229 881 734 954; baseline -0.01 -13"><span class='ocrx_word' id='word_1_30' title='bbox 229 903 260 940; x_wconf 81' lang='lat' dir='ltr'><strong>eo</strong></span> <span class='ocrx_word' id='word_1_31' title='bbox 274 883 360 940; x_wconf 87' lang='lat' dir='ltr'><strong>odium</strong></span> <span class='ocrx_word' id='word_1_32' title='bbox 371 883 459 939; x_wconf 87' lang='lat' dir='ltr'><strong>mundi</strong></span> <span class='ocrx_word' id='word_1_33' title='bbox 470 882 573 954; x_wconf 83' lang='lat' dir='ltr'><strong>pariunt</strong></span> <span class='ocrx_word' id='word_1_34' title='bbox 585 885 611 937; x_wconf 90' lang='lat' dir='ltr'><strong>et</strong></span> <span class='ocrx_word' id='word_1_35' title='bbox 622 881 734 938; x_wconf 80' lang='lat' dir='ltr'><strong>tedium.</strong></span> 
     </span>
    </p>

    <p class='ocr_par' dir='ltr' id='par_1_3' title="bbox 227 987 1023 1799">
     <span class='ocr_line' id='line_1_6' title="bbox 264 987 1022 1062; baseline -0.003 -18"><span class='ocrx_word' id='word_1_36' title='bbox 264 994 288 1045; x_wconf 84' lang='lat'><strong>5.</strong></span> <span class='ocrx_word' id='word_1_37' title='bbox 308 989 359 1046; x_wconf 82' lang='lat' dir='ltr'><strong>Sed</strong></span> <span class='ocrx_word' id='word_1_38' title='bbox 375 991 462 1056; x_wconf 87' lang='lat' dir='ltr'><strong>vincit,</strong></span> <span class='ocrx_word' id='word_1_39' title='bbox 481 989 546 1062; x_wconf 88' lang='lat' dir='ltr'><strong>proh</strong></span> <span class='ocrx_word' id='word_1_40' title='bbox 563 988 634 1044; x_wconf 88' lang='lat' dir='ltr'><strong>dolor</strong></span> <span class='ocrx_word' id='word_1_41' title='bbox 641 989 650 1043; x_wconf 41' lang='lat' dir='ltr'><strong>v!</strong></span> <span class='ocrx_word' id='word_1_42' title='bbox 671 987 805 1043; x_wconf 77' lang='lat' dir='ltr'><strong>delectatio</strong></span> <span class='ocrx_word' id='word_1_43' title='bbox 819 1005 897 1060; x_wconf 82' lang='lat' dir='ltr'><strong>preve</strong></span> <span class='ocrx_word' id='word_1_44' title='bbox 910 991 1022 1043; x_wconf 84' lang='lat' dir='ltr'><strong>mentem</strong></span> 
     </span>
     <span class='ocr_line' id='line_1_7' title="bbox 229 1093 1023 1165; baseline -0.003 -15"><span class='ocrx_word' id='word_1_45' title='bbox 229 1095 322 1150; x_wconf 88' lang='lat' dir='ltr'><strong>mundo</strong></span> <span class='ocrx_word' id='word_1_46' title='bbox 332 1094 451 1162; x_wconf 80' lang='lat' dir='ltr'><strong>deditam,</strong></span> <span class='ocrx_word' id='word_1_47' title='bbox 459 1098 485 1150; x_wconf 91' lang='lat' dir='ltr'><strong>et</strong></span> <span class='ocrx_word' id='word_1_48' title='bbox 493 1096 706 1150; x_wconf 77' lang='lat' dir='ltr'><strong>essesudseetibus</strong></span> <span class='ocrx_word' id='word_1_49' title='bbox 713 1096 947 1164; x_wconf 77' lang='lat' dir='ltr'><strong>deliciasreputat‘;</strong></span> <span class='ocrx_word' id='word_1_50' title='bbox 964 1093 1023 1165; x_wconf 81' lang='lat' dir='ltr'><strong>quia</strong></span> 
     </span>
     <span class='ocr_line' id='line_1_8' title="bbox 228 1201 1022 1266; baseline 0 -10"><span class='ocrx_word' id='word_1_51' title='bbox 228 1202 284 1256; x_wconf 84' lang='lat' dir='ltr'><strong>Dn1</strong></span> <span class='ocrx_word' id='word_1_52' title='bbox 301 1203 462 1266; x_wconf 72' lang='lat' dir='ltr'><strong>suavitatem,</strong></span> <span class='ocrx_word' id='word_1_53' title='bbox 480 1205 507 1257; x_wconf 89' lang='lat' dir='ltr'><strong>et</strong></span> <span class='ocrx_word' id='word_1_54' title='bbox 524 1202 650 1256; x_wconf 76' lang='lat' dir='ltr'><strong>incernam</strong></span> <span class='ocrx_word' id='word_1_55' title='bbox 663 1201 766 1258; x_wconf 73' lang='lat' dir='ltr'><strong>sumtis</strong></span> <span class='ocrx_word' id='word_1_56' title='bbox 783 1201 962 1266; x_wconf 85' lang='lat' dir='ltr'><strong>emoenitstem,</strong></span> <span class='ocrx_word' id='word_1_57' title='bbox 975 1219 1022 1256; x_wconf 89' lang='lat' dir='ltr'><strong>nec</strong></span> 
     </span>
     <span class='ocr_line' id='line_1_9' title="bbox 228 1307 1021 1380; baseline -0.003 -16"><span class='ocrx_word' id='word_1_58' title='bbox 228 1308 299 1376; x_wconf 88' lang='lat' dir='ltr'><strong>vidit,</strong></span> <span class='ocrx_word' id='word_1_59' title='bbox 311 1327 358 1364; x_wconf 91' lang='lat' dir='ltr'><strong>nec</strong></span> <span class='ocrx_word' id='word_1_60' title='bbox 370 1307 491 1380; x_wconf 81' lang='lat' dir='ltr'><strong>gustavit.</strong></span> <span class='ocrx_word' id='word_1_61' title='bbox 529 1308 583 1368; x_wconf 76' lang='lat' dir='ltr'><strong>Qui</strong></span> <span class='ocrx_word' id='word_1_62' title='bbox 599 1313 685 1362; x_wconf 83' lang='lat' dir='ltr'><strong>eutem</strong></span> <span class='ocrx_word' id='word_1_63' title='bbox 700 1307 823 1363; x_wconf 88' lang='lat' dir='ltr'><strong>mundum</strong></span> <span class='ocrx_word' id='word_1_64' title='bbox 839 1307 952 1379; x_wconf 83' lang='lat' dir='ltr'><strong>perfecte</strong></span> <span class='ocrx_word' id='word_1_65' title='bbox 964 1324 1021 1362; x_wconf 90' lang='lat' dir='ltr'><strong>con-</strong></span> 
     </span>
     <span class='ocr_line' id='line_1_10' title="bbox 227 1412 1019 1484; baseline 0 -15"><span class='ocrx_word' id='word_1_66' title='bbox 227 1419 353 1480; x_wconf 85' lang='lat' dir='ltr'><strong>temnunt,</strong></span> <span class='ocrx_word' id='word_1_67' title='bbox 368 1418 395 1470; x_wconf 91' lang='lat' dir='ltr'><strong>et</strong></span> <span class='ocrx_word' id='word_1_68' title='bbox 410 1415 472 1470; x_wconf 80' lang='lat' dir='ltr'><strong>Dso</strong></span> <span class='ocrx_word' id='word_1_69' title='bbox 487 1415 571 1470; x_wconf 85' lang='lat' dir='ltr'><strong>virere</strong></span> <span class='ocrx_word' id='word_1_70' title='bbox 589 1413 636 1469; x_wconf 88' lang='lat' dir='ltr'><strong>sub</strong></span> <span class='ocrx_word' id='word_1_71' title='bbox 654 1417 742 1468; x_wconf 81' lang='lat' dir='ltr'><strong>sancte</strong></span> <span class='ocrx_word' id='word_1_72' title='bbox 759 1412 890 1484; x_wconf 79' lang='lat' dir='ltr'><strong>disciplina</strong></span> <span class='ocrx_word' id='word_1_73' title='bbox 908 1412 1019 1479; x_wconf 80' lang='lat' dir='ltr'><strong>student,</strong></span> 
     </span>
     <span class='ocr_line' id='line_1_11' title="bbox 228 1519 1021 1592; baseline -0.001 -15"><span class='ocrx_word' id='word_1_74' title='bbox 228 1522 271 1577; x_wconf 91' lang='lat' dir='ltr'><strong>isti</strong></span> <span class='ocrx_word' id='word_1_75' title='bbox 283 1521 394 1577; x_wconf 60' lang='lat' dir='ltr'><strong>divinem</strong></span> <span class='ocrx_word' id='word_1_76' title='bbox 405 1520 563 1578; x_wconf 81' lang='lat' dir='ltr'><strong>dulcedinem</strong></span> <span class='ocrx_word' id='word_1_77' title='bbox 572 1521 638 1576; x_wconf 89' lang='lat' dir='ltr'><strong>veris</strong></span> <span class='ocrx_word' id='word_1_78' title='bbox 651 1519 901 1577; x_wconf 81' lang='lat' dir='ltr'><strong>abrenuncistoribus</strong></span> <span class='ocrx_word' id='word_1_79' title='bbox 917 1521 1021 1592; x_wconf 86' lang='lat' dir='ltr'><strong>promis·</strong></span> 
     </span>
     <span class='ocr_line' id='line_1_12' title="bbox 228 1625 1020 1699; baseline -0.001 -16"><span class='ocrx_word' id='word_1_80' title='bbox 228 1647 282 1683; x_wconf 84' lang='lat' dir='ltr'><strong>sem</strong></span> <span class='ocrx_word' id='word_1_81' title='bbox 299 1645 351 1682; x_wconf 87' lang='lat' dir='ltr'><strong>non</strong></span> <span class='ocrx_word' id='word_1_82' title='bbox 368 1629 494 1699; x_wconf 81' lang='lat' dir='ltr'><strong>ignorent,</strong></span> <span class='ocrx_word' id='word_1_83' title='bbox 513 1630 540 1682; x_wconf 91' lang='lat' dir='ltr'><strong>et</strong></span> <span class='ocrx_word' id='word_1_84' title='bbox 558 1645 633 1697; x_wconf 84' lang='lat' dir='ltr'><strong>quem</strong></span> <span class='ocrx_word' id='word_1_85' title='bbox 650 1626 763 1698; x_wconf 81' lang='lat' dir='ltr'><strong>graviter</strong></span> <span class='ocrx_word' id='word_1_86' title='bbox 779 1625 889 1682; x_wconf 89' lang='lat' dir='ltr'><strong>mundus</strong></span> <span class='ocrx_word' id='word_1_87' title='bbox 908 1629 976 1682; x_wconf 83' lang='lat' dir='ltr'><strong>erret</strong></span> <span class='ocrx_word' id='word_1_88' title='bbox 994 1630 1020 1682; x_wconf 89' lang='lat' dir='ltr'><strong>et</strong></span> 
     </span>
     <span class='ocr_line' id='line_1_13' title="bbox 227 1732 622 1799; baseline 0 -11"><span class='ocrx_word' id='word_1_89' title='bbox 227 1734 295 1790; x_wconf 83' lang='lat' dir='ltr'><strong>reric</strong></span> <span class='ocrx_word' id='word_1_90' title='bbox 307 1733 411 1799; x_wconf 78' lang='lat' dir='ltr'><strong>fallitur,</strong></span> <span class='ocrx_word' id='word_1_91' title='bbox 424 1732 516 1790; x_wconf 74' lang='lat' dir='ltr'><strong>clarius</strong></span> <span class='ocrx_word' id='word_1_92' title='bbox 527 1732 622 1789; x_wconf 78' lang='lat' dir='ltr'><strong>vident.</strong></span> 
     </span>
    </p>
   </div>
   <div class='ocr_carea' id='block_1_3' title="bbox 589 1937 676 1989">
    <p class='ocr_par' dir='ltr' id='par_1_4' title="bbox 589 1937 676 1989">
     <span class='ocr_line' id='line_1_14' title="bbox 589 1937 676 1989; baseline 0 0"><span class='ocrx_word' id='word_1_93' title='bbox 589 1937 676 1989; x_wconf 57' lang='lat' dir='ltr'><strong>OQ</strong></span> 
     </span>
    </p>
   </div>
   <div class='ocr_carea' id='block_1_4' title="bbox 517 2113 908 2186">
    <p class='ocr_par' dir='ltr' id='par_1_5' title="bbox 517 2113 908 2186">
     <span class='ocr_line' id='line_1_15' title="bbox 517 2113 908 2186; baseline 0 -2"><span class='ocrx_word' id='word_1_94' title='bbox 517 2129 636 2186; x_wconf 74' lang='lat' dir='ltr'><strong>creor</strong></span> <span class='ocrx_word' id='word_1_95' title='bbox 664 2128 739 2184; x_wconf 78' lang='lat' dir='ltr'><strong>xm.</strong></span> <span class='ocrx_word' id='word_1_96' title='bbox 845 2113 847 2118; x_wconf 83' lang='lat'>&#39;</span> <span class='ocrx_word' id='word_1_97' title='bbox 906 2113 908 2117; x_wconf 80' lang='grc'>’</span> 
     </span>
    </p>
   </div>
   <div class='ocr_carea' id='block_1_5' title="bbox 299 2335 942 2472">
    <p class='ocr_par' dir='ltr' id='par_1_6' title="bbox 299 2335 942 2472">
     <span class='ocr_line' id='line_1_16' title="bbox 299 2335 942 2377; baseline 0 -1"><span class='ocrx_word' id='word_1_98' title='bbox 299 2335 374 2377; x_wconf 77' lang='lat' dir='ltr'>QUOD</span> <span class='ocrx_word' id='word_1_99' title='bbox 392 2335 423 2374; x_wconf 81' lang='lat' dir='ltr'><strong>IN</strong></span> <span class='ocrx_word' id='word_1_100' title='bbox 441 2335 496 2374; x_wconf 82' lang='lat' dir='ltr'><strong>DEO</strong></span> <span class='ocrx_word' id='word_1_101' title='bbox 513 2336 601 2375; x_wconf 73' lang='lat' dir='ltr'>SUPER</span> <span class='ocrx_word' id='word_1_102' title='bbox 618 2337 708 2376; x_wconf 81' lang='lat' dir='ltr'><strong>OMNIA</strong></span> <span class='ocrx_word' id='word_1_103' title='bbox 725 2337 798 2376; x_wconf 79' lang='lat' dir='ltr'>BONA</span> <span class='ocrx_word' id='word_1_104' title='bbox 816 2337 850 2376; x_wconf 80' lang='grc' dir='ltr'><strong>ΕΤ</strong></span> <span class='ocrx_word' id='word_1_105' title='bbox 868 2337 942 2376; x_wconf 78' lang='lat' dir='ltr'>BONA</span> 
     </span>
     <span class='ocr_line' id='line_1_17' title="bbox 464 2428 774 2472; baseline 0.006 -4"><span class='ocrx_word' id='word_1_106' title='bbox 464 2428 701 2472; x_wconf 67' lang='lat' dir='ltr'><strong>mounescsrsnusr</strong></span> <span class='ocrx_word' id='word_1_107' title='bbox 718 2431 774 2470; x_wconf 76' lang='lat' dir='ltr'><strong>EST.</strong></span> 
     </span>
    </p>
   </div>
   <div class='ocr_carea' id='block_1_6' title="bbox 224 2605 1019 2999">
    <p class='ocr_par' dir='ltr' id='par_1_7' title="bbox 224 2605 1019 2999">
     <span class='ocr_line' id='line_1_18' title="bbox 262 2605 1017 2681; baseline 0.007 -22"><span class='ocrx_word' id='word_1_108' title='bbox 262 2607 285 2660; x_wconf 94' lang='grc'><strong>1.</strong></span> <span class='ocrx_word' id='word_1_109' title='bbox 305 2605 387 2677; x_wconf 83' lang='lat' dir='ltr'>Super</span> <span class='ocrx_word' id='word_1_110' title='bbox 398 2607 483 2662; x_wconf 84' lang='lat' dir='ltr'><strong>omnis</strong></span> <span class='ocrx_word' id='word_1_111' title='bbox 494 2610 520 2662; x_wconf 91' lang='lat' dir='ltr'><strong>et</strong></span> <span class='ocrx_word' id='word_1_112' title='bbox 532 2607 558 2662; x_wconf 89' lang='lat' dir='ltr'><strong>in</strong></span> <span class='ocrx_word' id='word_1_113' title='bbox 570 2608 688 2664; x_wconf 88' lang='lat' dir='ltr'><strong>omnibus</strong></span> <span class='ocrx_word' id='word_1_114' title='bbox 699 2610 849 2681; x_wconf 82' lang='lat' dir='ltr'><strong>requiesces,</strong></span> <span class='ocrx_word' id='word_1_115' title='bbox 862 2610 946 2664; x_wconf 86' lang='lat' dir='ltr'><strong>anime</strong></span> <span class='ocrx_word' id='word_1_116' title='bbox 954 2628 1017 2675; x_wconf 82' lang='lat' dir='ltr'><strong>mee,</strong></span> 
     </span>
     <span class='ocr_line' id='line_1_19' title="bbox 225 2710 1016 2788; baseline 0.008 -24"><span class='ocrx_word' id='word_1_117' title='bbox 225 2711 253 2764; x_wconf 92' lang='lat' dir='ltr'><strong>in</strong></span> <span class='ocrx_word' id='word_1_118' title='bbox 264 2710 379 2766; x_wconf 75' lang='lat' dir='ltr'><strong>Domo</strong></span> <span class='ocrx_word' id='word_1_119' title='bbox 391 2729 497 2784; x_wconf 86' lang='lat' dir='ltr'><strong>semper,</strong></span> <span class='ocrx_word' id='word_1_120' title='bbox 508 2713 568 2785; x_wconf 85' lang='lat' dir='ltr'><strong>quie</strong></span> <span class='ocrx_word' id='word_1_121' title='bbox 578 2714 634 2785; x_wconf 80' lang='lat' dir='ltr'><strong>ipse</strong></span> <span class='ocrx_word' id='word_1_122' title='bbox 646 2715 794 2772; x_wconf 81' lang='lat' dir='ltr'><strong>Sanctorum</strong></span> <span class='ocrx_word' id='word_1_123' title='bbox 804 2720 899 2772; x_wconf 84' lang='lat' dir='ltr'><strong>aeteme</strong></span> <span class='ocrx_word' id='word_1_124' title='bbox 909 2717 1016 2788; x_wconf 84' lang='lat' dir='ltr'><strong>requies.</strong></span> 
     </span>
     <span class='ocr_line' id='line_1_20' title="bbox 225 2814 1019 2895; baseline 0.013 -26"><span class='ocrx_word' id='word_1_125' title='bbox 225 2814 268 2869; x_wconf 82' lang='lat' dir='ltr'><strong>De</strong></span> <span class='ocrx_word' id='word_1_126' title='bbox 283 2815 352 2882; x_wconf 79' lang='lat' dir='ltr'><strong>milii,</strong></span> <span class='ocrx_word' id='word_1_127' title='bbox 368 2816 513 2873; x_wconf 89' lang='lat' dir='ltr'><strong>dulcissime</strong></span> <span class='ocrx_word' id='word_1_128' title='bbox 526 2822 553 2874; x_wconf 90' lang='lat' dir='ltr'><strong>et</strong></span> <span class='ocrx_word' id='word_1_129' title='bbox 570 2820 740 2876; x_wconf 77' lang='lat' dir='ltr'><strong>amentissime</strong></span> <span class='ocrx_word' id='word_1_130' title='bbox 757 2822 835 2888; x_wconf 82' lang='lat' dir='ltr'><strong>Jnsn,</strong></span> <span class='ocrx_word' id='word_1_131' title='bbox 848 2822 876 2877; x_wconf 89' lang='lat' dir='ltr'><strong>in</strong></span> <span class='ocrx_word' id='word_1_132' title='bbox 890 2823 926 2878; x_wconf 73' lang='lat' dir='ltr'><strong>&#39;Is</strong></span> <span class='ocrx_word' id='word_1_133' title='bbox 942 2841 1019 2895; x_wconf 86' lang='lat' dir='ltr'><strong>super</strong></span> 
     </span>
     <span class='ocr_line' id='line_1_21' title="bbox 224 2926 1018 2999; baseline 0.016 -25"><span class='ocrx_word' id='word_1_134' title='bbox 224 2937 325 2976; x_wconf 87' lang='lat' dir='ltr'><strong>omnem</strong></span> <span class='ocrx_word' id='word_1_135' title='bbox 336 2927 479 2979; x_wconf 76' lang='lat' dir='ltr'><strong>creaturam</strong></span> <span class='ocrx_word' id='word_1_136' title='bbox 489 2926 654 2997; x_wconf 88' lang='lat' dir='ltr'><strong>requiescere,</strong></span> <span class='ocrx_word' id='word_1_137' title='bbox 667 2946 744 2999; x_wconf 88' lang='lat' dir='ltr'><strong>super</strong></span> <span class='ocrx_word' id='word_1_138' title='bbox 755 2946 855 2986; x_wconf 88' lang='lat' dir='ltr'><strong>omnem</strong></span> <span class='ocrx_word' id='word_1_139' title='bbox 871 2929 979 2986; x_wconf 75' lang='lat' dir='ltr'><strong>sulutem</strong></span> <span class='ocrx_word' id='word_1_140' title='bbox 991 2933 1018 2987; x_wconf 91' lang='lat' dir='ltr'><strong>et</strong></span> 
     </span>
    </p>
   </div>
   <div class='ocr_carea' id='block_1_7' title="bbox 225 3025 1066 3197">
    <p class='ocr_par' dir='ltr' id='par_1_8' title="bbox 225 3025 1066 3197">
     <span class='ocr_line' id='line_1_22' title="bbox 225 3025 1066 3108; baseline 0.014 -27"><span class='ocrx_word' id='word_1_141' title='bbox 225 3025 445 3096; x_wconf 81' lang='lat' dir='ltr'><strong>pulchrItudinem,</strong></span> <span class='ocrx_word' id='word_1_142' title='bbox 459 3049 535 3103; x_wconf 88' lang='lat' dir='ltr'><strong>super</strong></span> <span class='ocrx_word' id='word_1_143' title='bbox 546 3050 647 3088; x_wconf 90' lang='lat' dir='ltr'><strong>omnem</strong></span> <span class='ocrx_word' id='word_1_144' title='bbox 655 3033 760 3102; x_wconf 76' lang='lat' dir='ltr'><strong>gloriam</strong></span> <span class='ocrx_word' id='word_1_145' title='bbox 769 3038 796 3090; x_wconf 89' lang='lat' dir='ltr'><strong>et</strong></span> <span class='ocrx_word' id='word_1_146' title='bbox 804 3035 933 3102; x_wconf 84' lang='lat' dir='ltr'><strong>honorem,</strong></span> <span class='ocrx_word' id='word_1_147' title='bbox 942 3053 1019 3108; x_wconf 87' lang='lat' dir='ltr'><strong>super</strong></span> <span class='ocrx_word' id='word_1_148' title='bbox 1064 3041 1066 3050; x_wconf 83' lang='grc'><strong>“</strong></span> 
     </span>
     <span class='ocr_line' id='line_1_23' title="bbox 349 3148 893 3197; baseline 0.017 -12"><span class='ocrx_word' id='word_1_149' title='bbox 349 3154 359 3184; x_wconf 69' lang='lat' dir='ltr'><strong>s</strong></span> <span class='ocrx_word' id='word_1_150' title='bbox 371 3150 382 3188; x_wconf 91' lang='lat'>1</span> <span class='ocrx_word' id='word_1_151' title='bbox 392 3148 467 3189; x_wconf 72' lang='lat' dir='ltr'><strong>eron</strong></span> <span class='ocrx_word' id='word_1_152' title='bbox 476 3151 498 3191; x_wconf 80' lang='lat' dir='ltr'><strong>u</strong></span> <span class='ocrx_word' id='word_1_153' title='bbox 508 3151 538 3191; x_wconf 72' lang='lat' dir='ltr'><strong>Id.</strong></span> <span class='ocrx_word' id='word_1_154' title='bbox 744 3161 751 3180; x_wconf 90' lang='lat'><em>¹</em></span> <span class='ocrx_word' id='word_1_155' title='bbox 763 3154 803 3194; x_wconf 73' lang='lat' dir='ltr'><strong>Iob</strong></span> <span class='ocrx_word' id='word_1_156' title='bbox 812 3165 865 3194; x_wconf 86' lang='lat' dir='ltr'>xxx.</span> <span class='ocrx_word' id='word_1_157' title='bbox 875 3154 893 3197; x_wconf 82' lang='lat' dir='ltr'><strong>I.</strong></span> 
     </span>
    </p>
   </div>
   <div class='ocr_carea' id='block_1_8' title="bbox 0 0 1278 3842">
    <p class='ocr_par' dir='ltr' id='par_1_9' title="bbox 0 0 1278 3842">
     <span class='ocr_line' id='line_1_24' title="bbox 0 0 1278 3842; baseline 0 1"><span class='ocrx_word' id='word_1_158' title='bbox 0 0 1278 3842; x_wconf 95' lang='lat' dir='ltr'><strong> </strong></span> 
     </span>
    </p>
   </div>
  </div>
 </body>
</html>
