2546 3842
477 419 622 471 CHRISTI
641 419 693 470 111.
711 417 751 470 46.
962 416 1008 472 171

212 557 643 630 ermalttrcerdilaroopttatiam‘.
669 555 1011 628 Egerenmetlnnooentem

211 663 345 739 jodioebm
363 663 408 720 aed
425 663 525 720 oooulto
541 661 638 735 judicio
658 665 797 734 ntmmqna
819 664 879 718 ante
902 659 1011 733 probare

213 770 292 826 volui.

236 879 261 930 4.
275 874 479 931 “Testimonimn
486 873 621 929 hominnm
627 887 694 944 sepe
702 871 767 928 fallit
770 893 778 939 3
792 871 880 928 Meam
887 869 1011 944 jadioinm

212 999 301 1037 verum
313 984 361 1047 eat,
371 980 458 1049 stabit,
470 981 496 1035 et
508 997 560 1034 non
571 978 742 1034 subvertetur.
761 979 840 1033 Latet
851 978 1010 1050 plerumque,

213 1089 240 1141 et
252 1086 339 1156 paneis
355 1085 387 1140 ad
403 1083 503 1156 singula
516 1086 607 1157 patet;
624 1101 754 1154 nunquam
768 1087 855 1138 tamen
870 1085 946 1148 errat,
965 1100 1011 1138 nee

213 1210 296 1246 errare
313 1194 406 1262 potest,
425 1190 526 1246 etiamsi
548 1190 629 1246 oeulis
646 1190 820 1262 insipientium
837 1207 889 1243 non
911 1192 1011 1244 rectum

213 1295 336 1351 videatur.
372 1295 415 1351 Ad
426 1295 473 1350 Me
484 1313 546 1366 ergo
557 1295 738 1351 recurrendum
746 1295 820 1350 estin
828 1293 897 1350 omni
906 1294 1010 1366 jndicio,

213 1419 260 1456 nee
271 1399 373 1472 proprio
386 1398 547 1455 innitendum
559 1399 671 1456 arbitrio.
708 1403 795 1456 Justus
812 1401 880 1455 enim
891 1419 939 1455 noa
955 1419 1009 1454 eon-

214 1509 362 1575 turbabo‘tar,
374 1508 497 1577 quidquid
507 1524 523 1560 a
533 1506 595 1561 Dno
606 1509 631 1561 ei
638 1508 781 1561 aeeidmd‘,
799 1505 908 1560 Etiamsi
915 1505 1011 1577 injuste

215 1607 311 1684 aliquid
319 1615 408 1666 eontra
417 1628 476 1667 eum
487 1611 614 1682 prolatum
625 1611 711 1677 inerit,
721 1629 772 1666 non
780 1611 890 1666 multum
898 1610 1011 1677 curabit3

213 1717 259 1773 aed
275 1735 322 1773 nee
333 1736 398 1773 vane
412 1717 545 1784 exrrltabit
559 1718 581 1772 ai
596 1735 642 1789 per
658 1718 720 1774 elios
734 1718 918 1774 rationabiliter
933 1737 1010 1774 exon-

213 1828 292 1880 aetur.
337 1823 434 1880 Penaat
451 1842 560 1896 namque
578 1825 638 1895 qnia
654 1824 712 1896 Ego
730 1841 788 1879 anm
805 1829 919 1879 scrutano
937 1828 1011 1880 eorda

212 1936 237 1985 et
255 1928 340 1996 reneri,
360 1930 410 1997 Qui
430 1948 482 1985 non
501 1929 587 2002 judico
608 1929 748 1986 seeundum
765 1930 856 1986 faeiem
876 1933 904 1986 et
922 1930 1010 1986 huma

215 2053 274 2090 nam
291 2035 481 2108 apparentiam:
500 2055 559 2092 nam
577 2055 643 2108 soepe
661 2037 689 2092 in
706 2037 786 2092 oeulis
798 2037 866 2092 Meis
883 2038 1009 2110 reperitur

212 2141 343 2212 culpabile,
357 2142 427 2213 quod
437 2142 569 2198 hominum
578 2142 675 2214 jndicio
687 2142 800 2198 oreditm
811 2143 962 2200 laudabile.'’

247 2252 271 2302 5.
291 2248 407 2303 Dommn
418 2249 505 2315 Deua,
518 2251 682 2319 Jadeajuae,
689 2249 779 2320 fortir,
792 2255 817 2304 et
823 2249 945 2320 patienti,
959 2251 1012 2317 Qui

212 2353 343 2408 hominum
361 2355 429 2409 nosti
446 2354 612 2426 flagilitatem
629 2357 656 2410 et
672 2355 832 2426 pravitatem,
852 2359 907 2411 esto
931 2356 1009 2412 robur

212 2478 305 2528 meum,
317 2465 345 2514 et
355 2462 412 2514 tota
428 2459 521 2514 fiducia
538 2477 608 2515 mea:
627 2460 759 2516 nonenim
769 2461 832 2517 mihi
844 2463 936 2519 suffieit
952 2481 1010 2519 oon-

212 2565 319 2620 seientia
330 2583 394 2620 mea.
430 2565 470 2620 Tu
481 2566 550 2621 nosti
568 2567 636 2637 quod
652 2584 700 2639 ego
712 2585 766 2622 non
776 2570 852 2636 novi3
871 2573 898 2625 et
913 2569 970 2626 ideo
982 2570 1010 2626 in

211 2673 281 2725 omni
300 2671 495 2743 reprehensione
514 2673 646 2730 humiliare
664 2693 705 2730 me
724 2675 808 2742 debui,
830 2680 857 2732 et
877 2681 1010 2733 mansuete

211 2779 346 2834 sustinere.
382 2779 491 2850 Ignosee
507 2798 608 2852 qnoque
623 2782 687 2837 mihi
702 2784 836 2854 propitius,
853 2783 953 2854 quoties
972 2783 1010 2839 aio

211 2901 263 2939 non
274 2885 323 2957 egi,
337 2888 364 2940 et
381 2885 447 2941 dona
462 2887 556 2942 iterum
575 2888 684 2959 gratiam
702 2889 829 2960 amplioris
845 2888 1007 2945 sufferentiae.

211 2991 305 3047 Melior
321 2997 361 3048 est
376 2994 443 3051 enim
457 2993 520 3049 mihi
536 2995 591 3049 'lna
605 2995 707 3066 eopiosa
723 2996 895 3052 misericordia
908 2995 941 3052 ad
953 3015 1011 3052 eon-

236 3132 247 3161 ¹
262 3135 281 3174 S.
290 3135 339 3175 Lae.
349 3135 371 3175 ss.
382 3135 413 3176 8⁶.
484 3143 493 3163 ⁸
506 3136 565 3177 Prov.
575 3137 612 3175 xil.
623 3136 653 3176 21.
723 3136 771 3177 ‘Pa
782 3138 816 3178 vll.
827 3137 857 3184 10,
867 3137 898 3177 1a.
909 3137 985 3186 (211.)
