2524 3844
237 446 239 469 ¹
292 433 323 480 36
546 427 596 475 DE
616 423 834 474 IMITATIONE

238 578 240 619 l
292 553 373 610 multu
382 551 450 606 bona
461 549 550 622 aperit,
563 567 619 620 quae
632 547 764 602 dissolutio
773 546 825 601 cito
831 543 937 616 perdere
946 543 1085 599 consuevit.

239 684 240 695 ¹
291 659 390 714 Mirum
405 659 453 721 est,
468 655 538 726 qnod
553 655 630 710 homo
647 657 733 726 potest
748 671 860 724 uuquam
875 651 988 723 perfecte
999 651 1027 706 in
1039 651 1087 706 hnc

240 869 242 877 ⁴
291 871 380 926 anime
392 888 444 924 sure
457 867 599 924 consideret
611 871 638 923 et
649 871 747 940 pensat.

327 979 351 1030 2.
370 976 479 1046 Propter
503 972 634 1030 levitatem
652 973 734 1030 cordis
756 978 783 1029 et
800 973 982 1046 negligentiam
1003 973 1089 1031 defee-

292 1085 520 1138 tuumnostrorum
529 1081 712 1136 nonsentimus
725 1081 915 1136 enimsenostrae
925 1079 1031 1146 dolores,
1044 1079 1091 1136 sed
1138 1100 1140 1115 ¹

242 1191 244 1215 ¹
293 1205 443 1260 seperare
466 1186 586 1252 ridemus,
611 1186 711 1258 quando
734 1186 826 1242 merito
848 1186 910 1242 flere
933 1184 1089 1241 deberemus.
1138 1176 1150 1277 ᾗ.

294 1294 355 1348 Non
372 1295 412 1348 est
429 1310 490 1348 vera
506 1290 609 1347 libertus
627 1311 675 1348 nee
691 1291 759 1347 bonu
774 1292 871 1358 laetitiu
889 1292 939 1347 nisi
955 1292 984 1347 in
999 1292 1091 1348 timore

294 1399 350 1454 Dur
369 1417 427 1454 cnm
442 1397 510 1453 bonu
528 1397 689 1452 conscientie.
725 1397 799 1454 Felix
817 1398 861 1469 qui
880 1397 987 1470 abjicere
1004 1401 1091 1470 potest

295 1525 371 1562 omne
389 1505 598 1578 impedimentum
622 1504 801 1571 distractionis,
821 1504 898 1561 etad
920 1505 1040 1560 unionem
1063 1522 1092 1560 ee

295 1611 411 1684 redigere
425 1617 519 1668 sunctae
536 1612 745 1683 compunctionis.
781 1611 855 1668 Felix
866 1612 910 1684 qui
922 1630 937 1667 a
948 1631 976 1668 se
992 1611 1092 1668 abdicet

297 1719 420 1792 quidquid
440 1719 621 1776 conscientiam
642 1737 715 1774 suem
733 1719 860 1774 meonlure
877 1722 963 1791 potest
978 1719 1020 1775 vel
1035 1737 1093 1792 gre·

297 1845 364 1883 vere.
384 1825 592 1881 Certaviriliter:
611 1824 964 1881 consuetudoconsuetudine
973 1824 1092 1880 vincitur.
1253 1839 1254 1904 p

1141 1886 1143 1897 t

1141 1900 1143 1913 t

246 1930 248 1962 l
299 1934 369 1989 Situ
384 1933 433 1990 sois
447 1933 563 1989 homines
577 1933 714 1999 dimittere,
727 1933 777 2005 ipsi
791 1931 1094 1988 benetedimittenttuu
1142 1944 1144 2052 p
1253 1905 1254 1992 i

298 2042 367 2096 factu
377 2041 468 2096 facere.

335 2150 358 2202 3.
377 2147 440 2202 Non
458 2145 571 2201 attrahes
594 2145 642 2200 tibi
663 2163 704 2200 res
728 2144 841 2211 eliorum,
860 2161 908 2198 neo
930 2146 958 2198 te
981 2142 1094 2214 implices
1142 2055 1145 2203 i

300 2253 382 2308 causis
394 2252 525 2324 majorum.
562 2250 665 2307 Habeas
683 2270 782 2323 semper
797 2251 899 2306 oculum
915 2253 1032 2322 superte
1046 2249 1096 2322 pri-

300 2378 377 2424 mum,
397 2361 424 2413 et
442 2357 576 2413 admoneus
594 2361 622 2412 te
642 2358 726 2430 ipsum
745 2357 888 2429 specialiter
908 2374 960 2428 pru
978 2354 1095 2410 omnibus
1144 2328 1157 2391 ¹:
1253 2367 1254 2420 l

301 2465 349 2520 tibi
365 2465 470 2520 dilectis.
508 2465 599 2519 Sinon
611 2462 814 2518 hebesfavorem
831 2461 970 2525 hominum,
986 2459 1040 2514 noli
1053 2478 1097 2515 ex·
1145 2386 1158 2519 *i

251 2576 253 2655 l
302 2571 360 2626 inde
377 2570 489 2636 tristari3
508 2569 553 2624 sed
570 2571 619 2625 hoo
634 2570 668 2625 sit
682 2569 730 2624 tibi
742 2587 826 2640 grave,
840 2567 900 2639 quie
916 2585 969 2622 non
979 2566 1058 2622 habes
1072 2569 1097 2620 te
1148 2588 1161 2695 p

251 2659 254 2754 i
303 2673 365 2727 satis
383 2672 447 2727 bene
465 2677 491 2727 et
510 2673 700 2744 circumspecte,
720 2674 787 2728 sicut
806 2673 907 2728 deceret
924 2672 981 2727 Dur
996 2690 1098 2727 servum
1149 2671 1151 2736 ζ

252 2854 254 2867 Ι
303 2781 330 2834 et
342 2777 462 2833 devotum
475 2779 621 2851 religiosum
638 2780 788 2836 conversuri.
824 2780 922 2836 Utilius
938 2784 979 2836 est
993 2797 1059 2851 scope
1071 2783 1098 2834 et

304 2885 425 2951 securius,
445 2885 513 2957 quod
529 2887 605 2941 homo
622 2904 675 2942 non
691 2886 784 2942 habeut
801 2887 894 2942 multus
912 2887 1097 2942 consolationes

304 2997 331 3050 in
346 2996 393 3051 hec
404 2996 465 3062 rita,
479 2998 618 3053 secundum
634 3016 735 3054 carnem
752 2999 886 3071 praeoipue.
923 2999 1019 3054 Tamen
1030 2997 1101 3068 quod

305 3103 402 3159 divinas
416 3123 468 3160 non
483 3104 613 3172 habemus,
630 3109 675 3162 eut
689 3105 771 3162 rarius
786 3105 917 3171 sentimus,
927 3123 975 3160 nos
986 3102 1015 3159 in
1026 3102 1102 3175 culpe
1154 3088 1156 3137 ἷ

362 3268 517 3276 ““”“”“’““’”“
530 3267 582 3272 “”“““
588 3265 655 3271 ’“““”’
674 3146 1186 3316 '”‘'‘—”'T2-....·—-—ssj-
