2546 3842
308 436 355 484 166
563 434 613 482 DE
631 434 850 485 IMITATIONE

588 833 707 891 CAPUT
736 829 835 890 XLIV.

377 997 414 1038 DE
432 997 489 1036 NON
507 995 692 1038 summm
710 997 765 1036 sm
782 996 833 1036 Rus
850 995 1030 1036 nxrnmonns.

342 1139 367 1192 1.
388 1133 602 1202 “niluinmultis
611 1137 713 1208 oportet
720 1137 747 1190 te
757 1153 812 1190 esse
819 1131 935 1202 inscium,
945 1136 971 1190 et
979 1133 1104 1192 aestirnure

307 1250 334 1301 te
346 1249 467 1319 tanquam
477 1249 608 1301 mortuum
620 1263 696 1319 super
707 1248 811 1315 terrem,
820 1249 846 1302 et
854 1247 896 1302 eui
906 1249 978 1303 totus
993 1245 1103 1302 mundus

308 1353 442 1410 crucifixus
452 1353 493 1408 sit.
529 1351 1103 1426 Multaetismoportetsurdeaurepertrsns-

307 1460 351 1526 ire,
371 1463 397 1515 et
424 1477 480 1531 quse
503 1462 555 1514 tuse
577 1458 647 1531 pasis
671 1461 732 1514 sunt
749 1457 830 1530 magis
849 1459 969 1531 rogitare.
1005 1455 1103 1515 Utilius

307 1569 347 1622 est
360 1565 445 1622 oeulos
458 1583 474 1620 s
490 1563 566 1620 rebus
583 1562 774 1636 displieentibus
793 1567 916 1630 evertere,
928 1567 954 1620 et
966 1565 1103 1637 uniruique

307 1691 383 1726 suum
394 1671 489 1726 sentire
499 1670 649 1742 relinquere,
669 1687 744 1743 quem
761 1670 926 1726 contentiosis
944 1671 1102 1727 sermonibus

307 1777 442 1833 deservire.
480 1776 583 1832 sibene
596 1776 698 1832 steteris
711 1795 770 1831 eum
785 1772 847 1831 Duo
860 1779 887 1833 et
899 1771 964 1848 Ejus
977 1777 1103 1850 judicium

307 1883 442 1956 aspexeris,
454 1881 554 1938 ieeilius
565 1885 593 1939 te
604 1883 701 1939 vietum
712 1881 851 1955 portabis.'’

342 1993 365 2045 2.
385 1991 408 2044 0
427 1989 552 2057 Densus,
572 2008 704 2061 quousque
726 1990 863 2045 venimus?
888 1989 956 2047 Eece
979 1989 1100 2046 damnum

305 2095 414 2151 defletur
430 2095 586 2167 temporsle;
616 2113 663 2166 pro
686 2093 785 2150 modico
809 2098 910 2167 quaestu
926 2095 1057 2152 laboretur
1074 2101 1100 2153 et

305 2203 424 2269 esuritur,
434 2205 460 2258 et
470 2201 601 2274 spirituale
613 2201 794 2257 detrimentum
802 2202 830 2256 in
841 2201 992 2259 obliuionem
999 2203 1100 2274 transit,

305 2317 331 2369 et
350 2313 394 2369 vix
415 2331 472 2368 sero
492 2311 598 2369 reditur.
635 2313 713 2374 Quod
735 2331 826 2384 perum
845 2312 886 2368 vel
904 2313 968 2368 nihil
985 2313 1098 2385 prodest,

304 2419 460 2488 attenditur3
479 2422 505 2476 et
514 2420 583 2493 quod
595 2439 692 2476 summe
703 2419 874 2476 necessarium
882 2426 930 2486 est,
940 2421 1099 2494 negligenter

303 2527 463 2598 prseteritur:
483 2525 543 2598 quis
553 2530 625 2582 totus
636 2525 712 2583 homo
728 2526 761 2582 sd
777 2530 882 2583 externe
900 2524 996 2594 defluit,
1010 2530 1036 2584 et
1048 2528 1098 2583 nisi

303 2633 354 2688 eito
365 2632 505 2704 resipiscet,
517 2632 598 2690 libens
610 2634 638 2688 in
649 2635 816 2691 exterioribus
825 2633 900 2707 juret.

619 2927 777 3046 Q
841 3079 849 3090 .
