2528 3850
302 443 351 491 tot
549 441 599 490 DE
616 441 834 490 IMITATIONE

299 574 407 630 veritate
422 574 497 646 pleni,
515 574 574 647 igne
594 575 728 631 erdeeonnt
748 575 947 648 inextinguibilis
964 578 1087 635 caritatis.

299 687 411 740 Taoeant
425 685 505 756 igitur
522 685 634 741 carnales
652 689 680 741 et
697 686 816 742 enimeles
833 686 947 742 homines
962 687 993 743 de
1012 689 1088 742 Sane-

298 795 383 846 tormn
394 794 465 846 stetu
476 791 606 858 disserere,
620 792 664 863 qui
672 810 723 847 non
730 794 824 847 norunt
832 792 882 847 nisi
890 793 988 864 privata
994 792 1089 864 gandia

298 895 408 968 diligere.
444 897 558 952 Demunt
574 901 600 953 et
618 897 714 953 addunt
731 915 777 969 pro
793 916 840 952 ena
854 897 1021 964 inclinatione,
1035 917 1089 954 non

298 1007 374 1073 prout
385 1002 467 1074 plooet
479 1005 579 1058 eterne
590 1002 709 1058 Veritati.

333 1108 356 1160 6.
376 1106 431 1160 “In
441 1105 528 1160 multis
540 1108 579 1162 est
594 1105 743 1179 ignorantie,
756 1123 844 1162 eorum
854 1106 969 1176 maxime,
981 1105 1032 1177 qni,
1044 1124 1088 1177 pa-

297 1228 353 1264 rum
364 1209 504 1278 illuminati,
516 1229 573 1266 raro
585 1210 693 1282 aliquem
707 1210 820 1281 perlecta
835 1209 969 1266 dilectione
984 1210 1085 1282 spiritu-

297 1325 330 1381 ali
345 1326 448 1398 diligere
463 1331 565 1383 norunt.
600 1328 715 1383 Multum
731 1327 813 1383 adhue
828 1328 939 1383 naturali
954 1329 1048 1384 effectu
1058 1331 1086 1383 et

297 1433 405 1488 hnmano
416 1433 525 1489 amicitia
533 1433 565 1489 ad
573 1434 620 1490 hos
629 1434 669 1490 vel
680 1434 713 1490 ad
720 1433 776 1489 illos
787 1434 936 1500 trahentem
948 1435 1050 1489 etaient
1059 1435 1087 1488 in

296 1538 454 1595 inferioribus
469 1557 496 1594 ee
507 1538 610 1604 hebent,
622 1539 697 1594 itaet
708 1538 740 1593 de
751 1537 895 1594 eoelestibue
906 1537 1084 1609 imaginantur.

296 1643 347 1698 Sed
358 1647 397 1698 eet
410 1642 530 1699 distentia
546 1644 746 1715 incomparabilis
758 1644 933 1714 intereaque
944 1642 1086 1714 imperfecti

295 1749 416 1820 negitent,
429 1752 456 1804 et
468 1766 524 1819 quae
539 1748 673 1804 illuminati
684 1749 732 1804 viri
743 1767 790 1819 per
804 1748 982 1804 revelationem
997 1766 1086 1818 euper-

294 1871 353 1908 nam
364 1853 533 1924 speculentur.

329 1958 353 2016 ⁷.
373 1956 461 2014 “Oeve
470 1975 539 2030 erge,
548 1958 605 2024 Fili,
615 1957 647 2014 de
655 1956 711 2013 istie
723 1957 939 2015 eurimetraotem
948 1961 1084 2029 quotum

294 2064 426 2119 seientiam
437 2064 571 2130 excedunt,
584 2063 696 2147 eedhoo
714 2062 796 2132 magle
817 2065 906 2134 detege
926 2067 953 2119 et
971 2063 1082 2129 intende,

292 2171 324 2224 ut
334 2169 375 2224 vel
386 2170 504 2226 minimus
516 2167 631 2242 inreguo'
639 2170 696 2225 Dm
707 2187 784 2240 queas
791 2169 905 2225 inveniri.
940 2169 1006 2225 Etsi
1014 2170 1083 2240 qnie-

293 2274 361 2344 piam
377 2275 453 2330 eoiret
465 2276 522 2347 quie
534 2275 583 2331 alio
595 2275 706 2331 semotior
717 2277 793 2339 esset,
805 2273 846 2330 vel
856 2273 936 2345 major
946 2273 1083 2329 haberetur

291 2380 319 2434 in
335 2398 414 2450 reguo
426 2381 545 2437 eoelorum
556 2402 563 2447 ;
585 2380 646 2452 quid
652 2380 676 2436 ei
683 2380 737 2435 heee
744 2380 836 2436 notitia
842 2380 980 2452 prodesset,
992 2382 1042 2438 niei
1053 2401 1081 2438 ee

293 2503 325 2539 er
335 2485 383 2540 hee
399 2486 542 2556 cognitione
554 2505 639 2543 eoram
652 2488 697 2542 Me
713 2486 865 2557 humiliaret,
880 2493 907 2544 et
918 2489 946 2545 in
960 2489 1081 2561 mojorem

291 2591 400 2646 neminie
412 2591 466 2646 Mei
476 2591 577 2647 laudem
595 2596 729 2665 exurgeret
740 2593 751 2647 l
777 2593 863 2649 Multo
876 2596 1002 2666 aeoeptine
1016 2595 1078 2650 Dro

290 2696 361 2761 feeit,
378 2695 423 2766 qui
434 2694 465 2751 de
476 2699 638 2767 peceatomm
658 2715 760 2754 enorum
773 2699 946 2770 magnitudine
958 2706 986 2755 et
1001 2700 1080 2755 virtu·

290 2806 347 2857 tum
358 2819 461 2856 suerum
472 2803 597 2872 parvitate
608 2803 712 2876 cogitet,
724 2809 750 2860 et
763 2824 838 2876 quam
849 2805 924 2877 longe
933 2824 949 2861 a
957 2806 1076 2877 perfeeti-

290 2927 338 2964 one
355 2909 506 2964 Sanctorum
517 2907 603 2976 distat,
616 2928 692 2981 quem
703 2911 724 2965 ie
736 2911 780 2982 qui
792 2910 823 2966 de
834 2928 923 2967 eorum
933 2910 1079 2982 majoritate

288 3013 329 3071 vel
339 3014 467 3085 parvitate
479 3013 600 3086 disputet.
636 3015 730 3071 Melius
742 3019 782 3071 eet
795 3016 901 3071 Sanetus
913 3015 1011 3071 devotis
1022 3034 1079 3086 pre·

288 3119 360 3176 eibue
379 3123 405 3176 et
422 3119 538 3193 lucrymis
557 3139 667 3188 exorare,
686 3124 815 3177 eteorum
831 3121 942 3193 gloriosa
958 3121 1079 3192 suffragia
