2528 3850
232 378 234 479 t
292 393 339 442 aar
544 389 592 437 nn
612 387 836 437 rmrrarronn.

232 485 234 557 i
291 518 406 590 gelorum
416 517 575 575 invisdriliter
587 519 760 576 assistentium
775 520 862 586 offero,
881 523 911 575 nt
926 520 961 576 sit
977 536 1024 591 pro
1041 538 1082 575 me

292 627 320 679 et
331 642 378 696 pro
391 628 483 680 cuncto
495 633 588 697 populo
599 626 655 681 Tuo
666 626 694 680 in
706 626 821 681 salntem.

326 732 351 784 a.
370 730 494 797 Deme,
508 731 585 786 offero
597 731 655 788 Tibi
666 732 750 787 omnia
761 734 865 803 peccata
876 733 902 786 et
915 729 1007 784 delicta
1018 747 1081 792 mea,

291 853 347 906 quae
365 836 478 891 commisi
497 854 581 891 eoram
598 837 635 892 Te
650 841 676 892 et
694 837 788 892 sanetis
804 835 909 907 Angelis
925 835 995 900 Tuis,
1009 852 1024 887 a
1041 836 1082 886 die

291 957 341 1011 quo
356 940 465 1011 primum
482 959 585 1012 peccare
599 941 673 1010 potui
689 960 770 1012 usque
782 940 813 995 ed
825 941 912 995 horam
923 940 996 1003 hanc,
1008 956 1082 1006 super

244 1051 245 1056 ’
285 1045 415 1112 plazocdili
428 1046 511 1098 altari
524 1046 610 1108 roon-
629 1049 659 1100 ut
671 1047 711 1100 Tu
725 1046 808 1100 omnia
819 1044 913 1116 pariter
924 1041 1042 1098 incendas
1055 1045 1081 1095 et

291 1147 421 1203 comburas
438 1150 497 1220 igne
515 1151 627 1206 caritatis
648 1151 717 1219 Ture,
736 1153 762 1206 ct
783 1150 866 1205 deleas
883 1149 1013 1204 universes
1031 1165 1081 1201 ma

291 1251 359 1306 cules
377 1257 539 1322 peccatorum
556 1274 677 1320 meorum,
699 1259 726 1310 et
746 1253 926 1310 conscientiam
943 1270 1026 1307 meam
1046 1251 1078 1305 ab

290 1356 359 1411 omni
367 1355 459 1413 delicto
471 1359 599 1429 emundes,
611 1364 638 1416 et
649 1360 769 1415 restitues
785 1358 847 1413 mihi
864 1357 972 1429 gratiam
989 1356 1078 1423 'liram

291 1479 365 1533 quam
376 1462 503 1532 peccando
515 1465 594 1530 amisi,
608 1464 692 1519 omnia
707 1464 770 1518 mihi
786 1463 860 1534 plene
877 1459 1041 1532 indulgendo,
1054 1465 1080 1514 et

230 1302 233 1349 t

291 1568 318 1622 in
329 1566 443 1622 osculum
454 1568 523 1638 pacis
535 1587 576 1623 me
587 1568 782 1624 misericorditer
794 1566 951 1622 assumendo.

326 1672 349 1724 3.
369 1669 441 1729 Quid
451 1689 553 1741 possum
566 1690 641 1742 agere
653 1671 821 1743 propeccatis
833 1671 903 1735 meis,
916 1669 966 1724 nisi
982 1669 1081 1724 humili·

290 1779 330 1830 ter
342 1793 372 1830 ea
383 1775 524 1830 confitendo
537 1779 563 1831 et
574 1776 742 1844 lamentando,
751 1779 778 1830 et
787 1777 866 1830 Tuam
875 1775 1080 1846 propitiationem

289 1881 444 1935 incessanter
456 1879 634 1952 deprecando?
652 1881 782 1952 Deprecor
797 1880 841 1946 Te,
859 1879 950 1935 exaudi
966 1899 1006 1935 me
1024 1897 1080 1950 pro

289 1985 375 2055 pitius,
388 1985 433 2040 ubi
445 1985 517 2040 adsto
530 2003 613 2040 coram
622 1985 665 2054 Te,
674 1985 752 2041 Dnos
760 2004 840 2040 meus.
876 1985 968 2039 Omnia
976 1988 1081 2055 peccata

289 2106 345 2142 mea
355 2087 418 2143 mihi
428 2090 536 2144 maxime
548 2089 700 2160 displicent;
720 2090 779 2144 nolo
797 2108 827 2144 ea
843 2107 955 2160 unquam
973 2088 1080 2159 amplius

289 2196 449 2264 perpetrare;
468 2193 513 2248 sed
524 2212 570 2264 pro
579 2194 615 2248 eis
628 2193 707 2259 doleo,
720 2197 747 2248 et
756 2193 844 2249 dolebo
857 2193 976 2265 quamdin
984 2193 1078 2258 vixero,

290 2299 392 2367 paratus
413 2297 587 2368 poenitentiam
608 2316 690 2368 agere,
715 2300 742 2353 et
764 2315 811 2369 pro
830 2315 905 2369 posse
925 2298 1078 2352 satisfacere.

290 2399 398 2455 Dimitte
415 2401 484 2466 mihi,
502 2401 587 2473 Deos,
607 2401 707 2456 dimitte
724 2401 786 2456 mihi
800 2404 904 2472 peccata
920 2419 984 2466 mea,
1002 2419 1080 2472 prop-

289 2507 330 2558 ter
346 2521 439 2558 nomen
454 2509 571 2559 sanetum
581 2505 665 2560 nuum
672 2528 680 2572 ;
702 2504 771 2560 salva
782 2505 889 2560 animam
900 2523 990 2571 meam,
1003 2523 1080 2576 quam

288 2606 400 2678 pretioso
413 2607 541 2678 Sanguine
552 2608 607 2664 'hro
625 2609 762 2665 redemisti.
798 2609 872 2675 Ecce,
891 2609 1023 2665 committo
1038 2629 1080 2664 me

288 2710 465 2766 misericordie
476 2711 545 2779 nne,
556 2713 657 2784 rosigno
668 2733 709 2769 me
717 2714 832 2770 manibus
842 2714 911 2770 nris.
930 2717 1079 2788 Apenweum

288 2819 416 2871 secundum
428 2819 558 2871 bonitatem
569 2819 652 2883 Parem,
666 2837 713 2873 non
724 2821 854 2874 amodum
866 2837 940 2875 neam
957 2823 1079 2876 malitiam

288 2927 312 2977 et
327 2921 504 2992 iniquitatem.

334 3023 346 3093 d
359 3015 397 3104 ¹1²⁸:
403 3013 474 3105 ddvdi
484 3063 559 3109 (extxd
568 3064 605 3104 124
611 3077 617 3112 ;
630 3065 664 3104 cti.
674 3064 732 3110 (citt.)
742 3063 779 3111 lo;
793 3069 803 3103 l
813 3065 863 3105 rrae
874 3065 919 3104 xiil.
930 3065 959 3105 46.
