<?xml version="1.0" encoding="UTF-8"?>
<!DOCTYPE html PUBLIC "-//W3C//DTD XHTML 1.0 Transitional//EN"
    "http://www.w3.org/TR/xhtml1/DTD/xhtml1-transitional.dtd">
<html xmlns="http://www.w3.org/1999/xhtml" xml:lang="en" lang="en">
 <head>
  <title>
</title>
<meta http-equiv="Content-Type" content="text/html;charset=utf-8" />
  <meta name='ocr-system' content='tesseract 3.04.00' />
  <meta name='ocr-capabilities' content='ocr_page ocr_carea ocr_par ocr_line ocrx_word'/>
</head>
<body>
  <div class='ocr_page' id='page_1' title='image "./deimitationechr01thomgoog_0252.png"; bbox 0 0 2528 3850; ppageno 0'>
   <div class='ocr_carea' id='block_1_1' title="bbox 442 435 990 493">
    <p class='ocr_par' dir='ltr' id='par_1_1' title="bbox 442 435 990 493">
     <span class='ocr_line' id='line_1_1' title="bbox 442 435 990 493; baseline 0.004 -8"><span class='ocrx_word' id='word_1_1' title='bbox 442 435 586 486; x_wconf 82' lang='lat' dir='ltr'><strong>CHRISTI</strong></span> <span class='ocrx_word' id='word_1_2' title='bbox 606 436 650 486; x_wconf 87' lang='lat' dir='ltr'><strong>lv.</strong></span> <span class='ocrx_word' id='word_1_3' title='bbox 666 437 702 493; x_wconf 87' lang='lat'><strong>10,</strong></span> <span class='ocrx_word' id='word_1_4' title='bbox 717 436 754 484; x_wconf 86' lang='lat'><strong>11.</strong></span> <span class='ocrx_word' id='word_1_5' title='bbox 945 441 990 487; x_wconf 80' lang='lat'><strong>237</strong></span> 
     </span>
    </p>
   </div>
   <div class='ocr_carea' id='block_1_2' title="bbox 202 574 992 858">
    <p class='ocr_par' dir='ltr' id='par_1_2' title="bbox 202 574 992 858">
     <span class='ocr_line' id='line_1_2' title="bbox 205 574 992 646; baseline -0.003 -12"><span class='ocrx_word' id='word_1_6' title='bbox 205 581 320 634; x_wconf 81' lang='grc'><strong>01111111</strong></span> <span class='ocrx_word' id='word_1_7' title='bbox 340 577 546 633; x_wconf 82' lang='lat' dir='ltr'><strong>Communionem</strong></span> <span class='ocrx_word' id='word_1_8' title='bbox 561 574 695 630; x_wconf 72' lang='lat' dir='ltr'><strong>salubriter</strong></span> <span class='ocrx_word' id='word_1_9' title='bbox 709 579 735 630; x_wconf 90' lang='lat' dir='ltr'><strong>et</strong></span> <span class='ocrx_word' id='word_1_10' title='bbox 754 575 808 630; x_wconf 87' lang='lat' dir='ltr'><strong>sine</strong></span> <span class='ocrx_word' id='word_1_11' title='bbox 824 576 992 646; x_wconf 78' lang='lat' dir='ltr'><strong>prohibitione</strong></span> 
     </span>
     <span class='ocr_line' id='line_1_3' title="bbox 202 679 991 752; baseline -0.003 -14"><span class='ocrx_word' id='word_1_12' title='bbox 202 683 326 738; x_wconf 72' lang='lat' dir='ltr'>accedere.</span> <span class='ocrx_word' id='word_1_13' title='bbox 361 683 499 736; x_wconf 75' lang='grc'><strong>1111111111</strong></span> <span class='ocrx_word' id='word_1_14' title='bbox 517 679 697 735; x_wconf 82' lang='lat' dir='ltr'><strong>certisdiebus</strong></span> <span class='ocrx_word' id='word_1_15' title='bbox 716 685 742 736; x_wconf 91' lang='grc'><strong>11</strong></span> <span class='ocrx_word' id='word_1_16' title='bbox 761 683 858 736; x_wconf 83' lang='lat' dir='ltr'><strong>statuto</strong></span> <span class='ocrx_word' id='word_1_17' title='bbox 877 684 991 752; x_wconf 87' lang='lat' dir='ltr'><strong>tempore</strong></span> 
     </span>
     <span class='ocr_line' id='line_1_4' title="bbox 203 785 991 858; baseline -0.003 -16"><span class='ocrx_word' id='word_1_18' title='bbox 203 786 301 858; x_wconf 86' lang='lat' dir='ltr'><strong>Corpus</strong></span> <span class='ocrx_word' id='word_1_19' title='bbox 331 788 371 842; x_wconf 91' lang='lat' dir='ltr'><strong>sui</strong></span> <span class='ocrx_word' id='word_1_20' title='bbox 394 785 572 856; x_wconf 85' lang='lat' dir='ltr'><strong>Redemptoris</strong></span> <span class='ocrx_word' id='word_1_21' title='bbox 602 803 660 840; x_wconf 89' lang='lat' dir='ltr'><strong>cum</strong></span> <span class='ocrx_word' id='word_1_22' title='bbox 689 786 826 840; x_wconf 85' lang='lat' dir='ltr'><strong>affectuosa</strong></span> <span class='ocrx_word' id='word_1_23' title='bbox 849 787 991 841; x_wconf 83' lang='lat' dir='ltr'><strong>reverentis</strong></span> 
     </span>
    </p>
   </div>
   <div class='ocr_carea' id='block_1_3' title="bbox 201 891 1084 978">
    <p class='ocr_par' dir='ltr' id='par_1_3' title="bbox 201 891 1084 978">
     <span class='ocr_line' id='line_1_5' title="bbox 201 891 1084 978; baseline -0.001 -32"><span class='ocrx_word' id='word_1_24' title='bbox 201 892 414 948; x_wconf 73' lang='lat' dir='ltr'><strong>sacramentaliter</strong></span> <span class='ocrx_word' id='word_1_25' title='bbox 423 891 497 948; x_wconf 90' lang='lat' dir='ltr'><strong>debet</strong></span> <span class='ocrx_word' id='word_1_26' title='bbox 509 891 644 962; x_wconf 78' lang='lat' dir='ltr'><strong>suscipere,</strong></span> <span class='ocrx_word' id='word_1_27' title='bbox 653 893 680 944; x_wconf 88' lang='lat' dir='ltr'><strong>ct</strong></span> <span class='ocrx_word' id='word_1_28' title='bbox 691 891 771 962; x_wconf 81' lang='lat' dir='ltr'><strong>magis</strong></span> <span class='ocrx_word' id='word_1_29' title='bbox 783 891 883 946; x_wconf 83' lang='lat' dir='ltr'><strong>laudem</strong></span> <span class='ocrx_word' id='word_1_30' title='bbox 895 891 951 945; x_wconf 83' lang='lat' dir='ltr'><strong>Dm</strong></span> <span class='ocrx_word' id='word_1_31' title='bbox 963 893 990 946; x_wconf 88' lang='lat' dir='ltr'><strong>ct</strong></span> <span class='ocrx_word' id='word_1_32' title='bbox 1081 975 1084 978; x_wconf 17' lang='grc' dir='ltr'>ι</span> 
     </span>
    </p>
   </div>
   <div class='ocr_carea' id='block_1_4' title="bbox 196 996 991 2115">
    <p class='ocr_par' dir='ltr' id='par_1_4' title="bbox 199 996 991 1384">
     <span class='ocr_line' id='line_1_6' title="bbox 200 996 987 1069; baseline -0.003 -17"><span class='ocrx_word' id='word_1_33' title='bbox 200 998 320 1053; x_wconf 84' lang='lat' dir='ltr'><strong>honorem</strong></span> <span class='ocrx_word' id='word_1_34' title='bbox 328 998 491 1069; x_wconf 78' lang='lat' dir='ltr'><strong>prmtcnderc,</strong></span> <span class='ocrx_word' id='word_1_35' title='bbox 502 1015 577 1068; x_wconf 88' lang='lat' dir='ltr'><strong>quam</strong></span> <span class='ocrx_word' id='word_1_36' title='bbox 586 1015 658 1051; x_wconf 86' lang='lat' dir='ltr'><strong>suam</strong></span> <span class='ocrx_word' id='word_1_37' title='bbox 665 996 859 1051; x_wconf 74' lang='lat' dir='ltr'><strong>consolationem</strong></span> <span class='ocrx_word' id='word_1_38' title='bbox 869 1015 987 1066; x_wconf 83' lang='lat' dir='ltr'><strong>quaerere.</strong></span> 
     </span>
     <span class='ocr_line' id='line_1_7' title="bbox 201 1101 991 1175; baseline 0.001 -19"><span class='ocrx_word' id='word_1_39' title='bbox 201 1103 269 1158; x_wconf 85' lang='lat' dir='ltr'><strong>Nam</strong></span> <span class='ocrx_word' id='word_1_40' title='bbox 276 1105 353 1160; x_wconf 88' lang='lat' dir='ltr'><strong>toties</strong></span> <span class='ocrx_word' id='word_1_41' title='bbox 363 1104 467 1175; x_wconf 79' lang='lat' dir='ltr'><strong>mystice</strong></span> <span class='ocrx_word' id='word_1_42' title='bbox 477 1103 652 1167; x_wconf 86' lang='lat' dir='ltr'><strong>communicat,</strong></span> <span class='ocrx_word' id='word_1_43' title='bbox 663 1104 689 1156; x_wconf 91' lang='grc'><strong>11</strong></span> <span class='ocrx_word' id='word_1_44' title='bbox 700 1101 859 1157; x_wconf 84' lang='lat' dir='ltr'><strong>invisibiliter</strong></span> <span class='ocrx_word' id='word_1_45' title='bbox 870 1103 991 1170; x_wconf 80' lang='lat' dir='ltr'><strong>reficitur,</strong></span> 
     </span>
     <span class='ocr_line' id='line_1_8' title="bbox 200 1209 990 1279; baseline 0.001 -17"><span class='ocrx_word' id='word_1_46' title='bbox 200 1209 298 1278; x_wconf 86' lang='lat' dir='ltr'><strong>quoties</strong></span> <span class='ocrx_word' id='word_1_47' title='bbox 310 1209 490 1265; x_wconf 79' lang='lat' dir='ltr'><strong>incarnationis</strong></span> <span class='ocrx_word' id='word_1_48' title='bbox 502 1209 618 1263; x_wconf 79' lang='lat' dir='ltr'><strong>Onmsrr</strong></span> <span class='ocrx_word' id='word_1_49' title='bbox 634 1209 782 1279; x_wconf 77' lang='lat' dir='ltr'><strong>mysterium</strong></span> <span class='ocrx_word' id='word_1_50' title='bbox 799 1209 990 1279; x_wconf 84' lang='lat' dir='ltr'><strong>passionemque</strong></span> 
     </span>
     <span class='ocr_line' id='line_1_9' title="bbox 199 1313 813 1384; baseline 0.005 -17"><span class='ocrx_word' id='word_1_51' title='bbox 199 1313 290 1370; x_wconf 87' lang='lat' dir='ltr'><strong>devote</strong></span> <span class='ocrx_word' id='word_1_52' title='bbox 301 1315 397 1380; x_wconf 88' lang='lat' dir='ltr'><strong>recolit,</strong></span> <span class='ocrx_word' id='word_1_53' title='bbox 411 1317 437 1370; x_wconf 89' lang='grc'><strong>11</strong></span> <span class='ocrx_word' id='word_1_54' title='bbox 448 1315 476 1369; x_wconf 93' lang='lat' dir='ltr'><strong>in</strong></span> <span class='ocrx_word' id='word_1_55' title='bbox 488 1333 572 1368; x_wconf 87' lang='lat' dir='ltr'><strong>amore</strong></span> <span class='ocrx_word' id='word_1_56' title='bbox 584 1313 647 1384; x_wconf 81' lang='lat' dir='ltr'><strong>Ejus</strong></span> <span class='ocrx_word' id='word_1_57' title='bbox 660 1313 813 1370; x_wconf 85' lang='lat' dir='ltr'><strong>accenditur.</strong></span> 
     </span>
    </p>

    <p class='ocr_par' dir='ltr' id='par_1_5' title="bbox 196 1417 988 2115">
     <span class='ocr_line' id='line_1_10' title="bbox 235 1417 988 1488; baseline 0.003 -16"><span class='ocrx_word' id='word_1_58' title='bbox 235 1418 258 1472; x_wconf 87' lang='grc'><strong>7.</strong></span> <span class='ocrx_word' id='word_1_59' title='bbox 279 1422 296 1445; x_wconf 88' lang='grc'><strong>“</strong></span> <span class='ocrx_word' id='word_1_60' title='bbox 303 1417 356 1476; x_wconf 77' lang='lat' dir='ltr'><strong>Qui</strong></span> <span class='ocrx_word' id='word_1_61' title='bbox 364 1419 473 1474; x_wconf 78' lang='lat' dir='ltr'><strong>aliterue</strong></span> <span class='ocrx_word' id='word_1_62' title='bbox 483 1421 675 1488; x_wconf 81' lang='lat' dir='ltr'><strong>nonprsepsrat,</strong></span> <span class='ocrx_word' id='word_1_63' title='bbox 686 1419 736 1474; x_wconf 88' lang='lat' dir='ltr'><strong>nisi</strong></span> <span class='ocrx_word' id='word_1_64' title='bbox 746 1420 857 1475; x_wconf 86' lang='lat' dir='ltr'><strong>instante</strong></span> <span class='ocrx_word' id='word_1_65' title='bbox 869 1421 936 1475; x_wconf 78' lang='lat' dir='ltr'><strong>testo</strong></span> <span class='ocrx_word' id='word_1_66' title='bbox 947 1421 988 1477; x_wconf 85' lang='lat' dir='ltr'><strong>vel</strong></span> 
     </span>
     <span class='ocr_line' id='line_1_11' title="bbox 199 1521 988 1594; baseline 0.006 -20"><span class='ocrx_word' id='word_1_67' title='bbox 199 1521 381 1576; x_wconf 87' lang='lat' dir='ltr'><strong>consuetudine</strong></span> <span class='ocrx_word' id='word_1_68' title='bbox 392 1523 564 1593; x_wconf 89' lang='lat' dir='ltr'><strong>compellente,</strong></span> <span class='ocrx_word' id='word_1_69' title='bbox 578 1521 670 1593; x_wconf 85' lang='lat' dir='ltr'><strong>saepins</strong></span> <span class='ocrx_word' id='word_1_70' title='bbox 682 1523 820 1594; x_wconf 84' lang='lat' dir='ltr'><strong>imparatus</strong></span> <span class='ocrx_word' id='word_1_71' title='bbox 833 1525 888 1578; x_wconf 86' lang='lat' dir='ltr'><strong>erit.</strong></span> <span class='ocrx_word' id='word_1_72' title='bbox 924 1525 988 1579; x_wconf 86' lang='lat' dir='ltr'><strong>Bea-</strong></span> 
     </span>
     <span class='ocr_line' id='line_1_12' title="bbox 198 1625 987 1698; baseline 0.01 -22"><span class='ocrx_word' id='word_1_73' title='bbox 198 1627 248 1688; x_wconf 86' lang='lat' dir='ltr'><strong>tus,</strong></span> <span class='ocrx_word' id='word_1_74' title='bbox 262 1625 345 1694; x_wconf 87' lang='lat' dir='ltr'><strong>quise</strong></span> <span class='ocrx_word' id='word_1_75' title='bbox 362 1625 477 1681; x_wconf 81' lang='lat' dir='ltr'><strong>Donmo</strong></span> <span class='ocrx_word' id='word_1_76' title='bbox 488 1627 516 1681; x_wconf 90' lang='lat' dir='ltr'><strong>in</strong></span> <span class='ocrx_word' id='word_1_77' title='bbox 527 1627 702 1682; x_wconf 84' lang='lat' dir='ltr'><strong>holocaustmn</strong></span> <span class='ocrx_word' id='word_1_78' title='bbox 718 1628 799 1693; x_wconf 86' lang='lat' dir='ltr'><strong>offert,</strong></span> <span class='ocrx_word' id='word_1_79' title='bbox 814 1628 913 1698; x_wconf 88' lang='lat' dir='ltr'><strong>quoties</strong></span> <span class='ocrx_word' id='word_1_80' title='bbox 925 1630 987 1684; x_wconf 88' lang='lat' dir='ltr'><strong>cele·</strong></span> 
     </span>
     <span class='ocr_line' id='line_1_13' title="bbox 197 1727 988 1804; baseline 0.004 -20"><span class='ocrx_word' id='word_1_81' title='bbox 197 1727 254 1784; x_wconf 85' lang='lat' dir='ltr'><strong>brat</strong></span> <span class='ocrx_word' id='word_1_82' title='bbox 267 1733 311 1783; x_wconf 86' lang='lat' dir='ltr'><strong>aut</strong></span> <span class='ocrx_word' id='word_1_83' title='bbox 323 1731 505 1788; x_wconf 86' lang='lat' dir='ltr'><strong>communicat!</strong></span> <span class='ocrx_word' id='word_1_84' title='bbox 531 1732 592 1786; x_wconf 91' lang='lat' dir='ltr'><strong>Non</strong></span> <span class='ocrx_word' id='word_1_85' title='bbox 601 1732 636 1786; x_wconf 89' lang='lat' dir='ltr'><strong>sis</strong></span> <span class='ocrx_word' id='word_1_86' title='bbox 644 1731 675 1786; x_wconf 86' lang='lat' dir='ltr'><strong>in</strong></span> <span class='ocrx_word' id='word_1_87' title='bbox 684 1731 832 1787; x_wconf 86' lang='lat' dir='ltr'><strong>celebrando</strong></span> <span class='ocrx_word' id='word_1_88' title='bbox 844 1733 919 1787; x_wconf 87' lang='lat' dir='ltr'><strong>nimis</strong></span> <span class='ocrx_word' id='word_1_89' title='bbox 930 1751 988 1804; x_wconf 87' lang='lat' dir='ltr'><strong>pro-</strong></span> 
     </span>
     <span class='ocr_line' id='line_1_14' title="bbox 196 1832 984 1901; baseline 0.009 -15"><span class='ocrx_word' id='word_1_90' title='bbox 196 1832 263 1888; x_wconf 83' lang='lat' dir='ltr'><strong>lixus</strong></span> <span class='ocrx_word' id='word_1_91' title='bbox 275 1837 320 1889; x_wconf 83' lang='lat' dir='ltr'><strong>ant</strong></span> <span class='ocrx_word' id='word_1_92' title='bbox 334 1835 451 1901; x_wconf 87' lang='lat' dir='ltr'><strong>festinus,</strong></span> <span class='ocrx_word' id='word_1_93' title='bbox 465 1835 510 1891; x_wconf 91' lang='lat' dir='ltr'><strong>sed</strong></span> <span class='ocrx_word' id='word_1_94' title='bbox 521 1855 595 1891; x_wconf 84' lang='lat' dir='ltr'><strong>servs</strong></span> <span class='ocrx_word' id='word_1_95' title='bbox 606 1836 702 1890; x_wconf 90' lang='lat' dir='ltr'><strong>bonum</strong></span> <span class='ocrx_word' id='word_1_96' title='bbox 713 1851 870 1892; x_wconf 88' lang='lat' dir='ltr'><strong>communem</strong></span> <span class='ocrx_word' id='word_1_97' title='bbox 882 1839 984 1892; x_wconf 90' lang='lat' dir='ltr'><strong>modum</strong></span> 
     </span>
     <span class='ocr_line' id='line_1_15' title="bbox 197 1942 987 2017; baseline 0.008 -23"><span class='ocrx_word' id='word_1_98' title='bbox 197 1957 285 1996; x_wconf 88' lang='lat' dir='ltr'><strong>eorum</strong></span> <span class='ocrx_word' id='word_1_99' title='bbox 297 1959 355 1998; x_wconf 87' lang='lat' dir='ltr'><strong>cum</strong></span> <span class='ocrx_word' id='word_1_100' title='bbox 366 1943 457 2014; x_wconf 89' lang='lat' dir='ltr'><strong>quibus</strong></span> <span class='ocrx_word' id='word_1_101' title='bbox 469 1944 542 2008; x_wconf 74' lang='lat' dir='ltr'><strong>uisis</strong></span> <span class='ocrx_word' id='word_1_102' title='bbox 574 1945 637 2000; x_wconf 91' lang='lat' dir='ltr'><strong>Non</strong></span> <span class='ocrx_word' id='word_1_103' title='bbox 647 1942 723 1999; x_wconf 89' lang='lat' dir='ltr'><strong>debcs</strong></span> <span class='ocrx_word' id='word_1_104' title='bbox 735 1943 790 1998; x_wconf 81' lang='lat' dir='ltr'><strong>aliis</strong></span> <span class='ocrx_word' id='word_1_105' title='bbox 802 1963 922 2017; x_wconf 83' lang='lat' dir='ltr'><strong>generare</strong></span> <span class='ocrx_word' id='word_1_106' title='bbox 933 1964 987 2000; x_wconf 92' lang='lat' dir='ltr'><strong>mo-</strong></span> 
     </span>
     <span class='ocr_line' id='line_1_16' title="bbox 196 2043 984 2115; baseline 0.008 -16"><span class='ocrx_word' id='word_1_107' title='bbox 196 2043 295 2100; x_wconf 86' lang='lat' dir='ltr'><strong>lestiam</strong></span> <span class='ocrx_word' id='word_1_108' title='bbox 306 2050 333 2102; x_wconf 90' lang='lat' dir='ltr'><strong>et</strong></span> <span class='ocrx_word' id='word_1_109' title='bbox 344 2048 455 2115; x_wconf 77' lang='lat' dir='ltr'><strong>redium,</strong></span> <span class='ocrx_word' id='word_1_110' title='bbox 469 2049 514 2105; x_wconf 89' lang='lat' dir='ltr'><strong>scd</strong></span> <span class='ocrx_word' id='word_1_111' title='bbox 525 2069 684 2107; x_wconf 80' lang='lat' dir='ltr'><strong>communem</strong></span> <span class='ocrx_word' id='word_1_112' title='bbox 699 2069 799 2106; x_wconf 88' lang='lat' dir='ltr'><strong>servare</strong></span> <span class='ocrx_word' id='word_1_113' title='bbox 816 2050 882 2105; x_wconf 86' lang='lat' dir='ltr'><strong>viam</strong></span> <span class='ocrx_word' id='word_1_114' title='bbox 897 2068 984 2106; x_wconf 89' lang='lat' dir='ltr'><strong>secun-</strong></span> 
     </span>
    </p>
   </div>
   <div class='ocr_carea' id='block_1_5' title="bbox 196 2149 986 2333">
    <p class='ocr_par' dir='ltr' id='par_1_6' title="bbox 196 2149 986 2333">
     <span class='ocr_line' id='line_1_17' title="bbox 196 2149 986 2244; baseline 0.009 -39"><span class='ocrx_word' id='word_1_115' title='bbox 196 2149 257 2206; x_wconf 87' lang='lat' dir='ltr'><strong>dnm</strong></span> <span class='ocrx_word' id='word_1_116' title='bbox 273 2153 396 2224; x_wconf 88' lang='lat' dir='ltr'><strong>majorum</strong></span> <span class='ocrx_word' id='word_1_117' title='bbox 410 2155 598 2244; x_wconf 77' lang='lat' dir='ltr'><strong>institutiopem</strong></span> <span class='ocrx_word' id='word_1_118' title='bbox 606 2179 614 2224; x_wconf 82' lang='lat'><em>3</em></span> <span class='ocrx_word' id='word_1_119' title='bbox 633 2161 659 2212; x_wconf 92' lang='lat' dir='ltr'><strong>et</strong></span> <span class='ocrx_word' id='word_1_120' title='bbox 671 2156 756 2228; x_wconf 82' lang='lat' dir='ltr'><strong>potius</strong></span> <span class='ocrx_word' id='word_1_121' title='bbox 771 2156 876 2212; x_wconf 83' lang='lat' dir='ltr'><strong>aliorum</strong></span> <span class='ocrx_word' id='word_1_122' title='bbox 893 2157 986 2212; x_wconf 84' lang='lat' dir='ltr'><strong>servire</strong></span> 
     </span>
     <span class='ocr_line' id='line_1_18' title="bbox 196 2255 857 2333; baseline 0.014 -25"><span class='ocrx_word' id='word_1_123' title='bbox 196 2255 309 2324; x_wconf 87' lang='lat' dir='ltr'><strong>utilitati,</strong></span> <span class='ocrx_word' id='word_1_124' title='bbox 323 2277 399 2330; x_wconf 86' lang='lat' dir='ltr'><strong>qusm</strong></span> <span class='ocrx_word' id='word_1_125' title='bbox 411 2262 519 2333; x_wconf 79' lang='lat' dir='ltr'><strong>propria</strong></span> <span class='ocrx_word' id='word_1_126' title='bbox 531 2262 660 2319; x_wconf 82' lang='lat' dir='ltr'><strong>devotioni</strong></span> <span class='ocrx_word' id='word_1_127' title='bbox 671 2263 713 2318; x_wconf 87' lang='lat' dir='ltr'><strong>vel</strong></span> <span class='ocrx_word' id='word_1_128' title='bbox 729 2261 857 2318; x_wconf 57' lang='lat' dir='ltr'><strong>affectui?</strong></span> 
     </span>
    </p>
   </div>
   <div class='ocr_carea' id='block_1_6' title="bbox 498 2441 686 2658">
    <p class='ocr_par' dir='ltr' id='par_1_7' title="bbox 498 2441 686 2658">
     <span class='ocr_line' id='line_1_19' title="bbox 552 2441 638 2496; baseline 0 0"><span class='ocrx_word' id='word_1_129' title='bbox 552 2441 638 2496; x_wconf 49' lang='lat' dir='ltr'><strong>*Q</strong></span> 
     </span>
     <span class='ocr_line' id='line_1_20' title="bbox 498 2602 686 2658; baseline 0.005 -2"><span class='ocrx_word' id='word_1_130' title='bbox 498 2602 615 2658; x_wconf 78' lang='lat' dir='ltr'><strong>CAPUT</strong></span> <span class='ocrx_word' id='word_1_131' title='bbox 638 2603 686 2657; x_wconf 88' lang='lat' dir='ltr'><strong>XI.</strong></span> 
     </span>
    </p>
   </div>
   <div class='ocr_carea' id='block_1_7' title="bbox 195 2781 982 2924">
    <p class='ocr_par' dir='ltr' id='par_1_8' title="bbox 195 2781 982 2924">
     <span class='ocr_line' id='line_1_21' title="bbox 195 2781 982 2831; baseline 0.013 -9"><span class='ocrx_word' id='word_1_132' title='bbox 195 2781 268 2822; x_wconf 74' lang='lat' dir='ltr'>QUOD</span> <span class='ocrx_word' id='word_1_133' title='bbox 290 2782 391 2823; x_wconf 80' lang='lat' dir='ltr'>GORPUS</span> <span class='ocrx_word' id='word_1_134' title='bbox 413 2786 523 2826; x_wconf 75' lang='lat' dir='ltr'><strong>cflmsrt</strong></span> <span class='ocrx_word' id='word_1_135' title='bbox 540 2789 574 2826; x_wconf 78' lang='grc' dir='ltr'><strong>ΕΤ</strong></span> <span class='ocrx_word' id='word_1_136' title='bbox 595 2789 681 2828; x_wconf 71' lang='lat' dir='ltr'>SACRA</span> <span class='ocrx_word' id='word_1_137' title='bbox 698 2790 849 2830; x_wconf 64' lang='lat' dir='ltr'><strong>sompnus</strong></span> <span class='ocrx_word' id='word_1_138' title='bbox 871 2791 982 2831; x_wconf 73' lang='lat' dir='ltr'><strong>mrum</strong></span> 
     </span>
     <span class='ocr_line' id='line_1_22' title="bbox 346 2877 825 2924; baseline 0.019 -9"><span class='ocrx_word' id='word_1_139' title='bbox 346 2877 408 2916; x_wconf 78' lang='lat' dir='ltr'>SINT</span> <span class='ocrx_word' id='word_1_140' title='bbox 425 2879 523 2918; x_wconf 73' lang='lat' dir='ltr'><strong>ANIMAE</strong></span> <span class='ocrx_word' id='word_1_141' title='bbox 541 2882 633 2921; x_wconf 74' lang='lat' dir='ltr'><strong>smum</strong></span> <span class='ocrx_word' id='word_1_142' title='bbox 651 2883 825 2924; x_wconf 74' lang='lat' dir='ltr'><strong>uncnsssau.</strong></span> 
     </span>
    </p>
   </div>
   <div class='ocr_carea' id='block_1_8' title="bbox 193 3006 984 3177">
    <p class='ocr_par' dir='ltr' id='par_1_9' title="bbox 193 3006 984 3177">
     <span class='ocr_line' id='line_1_23' title="bbox 228 3006 984 3085; baseline 0.011 -26"><span class='ocrx_word' id='word_1_143' title='bbox 228 3006 251 3058; x_wconf 91' lang='lat'><strong>1.</strong></span> <span class='ocrx_word' id='word_1_144' title='bbox 270 3007 295 3060; x_wconf 90' lang='lat'>0</span> <span class='ocrx_word' id='word_1_145' title='bbox 314 3007 456 3065; x_wconf 86' lang='lat' dir='ltr'><strong>dulcissime</strong></span> <span class='ocrx_word' id='word_1_146' title='bbox 471 3011 586 3066; x_wconf 78' lang='lat' dir='ltr'><strong>Donum</strong></span> <span class='ocrx_word' id='word_1_147' title='bbox 607 3013 685 3081; x_wconf 85' lang='lat' dir='ltr'><strong>Jnsu,</strong></span> <span class='ocrx_word' id='word_1_148' title='bbox 704 3017 799 3085; x_wconf 84' lang='lat' dir='ltr'><strong>quanta</strong></span> <span class='ocrx_word' id='word_1_149' title='bbox 821 3017 861 3068; x_wconf 88' lang='lat' dir='ltr'><strong>est</strong></span> <span class='ocrx_word' id='word_1_150' title='bbox 879 3012 984 3068; x_wconf 87' lang='lat' dir='ltr'><strong>dulcedo</strong></span> 
     </span>
     <span class='ocr_line' id='line_1_24' title="bbox 193 3095 981 3177; baseline 0.01 -27"><span class='ocrx_word' id='word_1_151' title='bbox 193 3095 289 3154; x_wconf 79' lang='lat' dir='ltr'><strong>devota</strong></span> <span class='ocrx_word' id='word_1_152' title='bbox 301 3099 389 3157; x_wconf 78' lang='lat' dir='ltr'><strong>anime</strong></span> <span class='ocrx_word' id='word_1_153' title='bbox 401 3101 496 3160; x_wconf 84' lang='lat' dir='ltr'><strong>Tecum</strong></span> <span class='ocrx_word' id='word_1_154' title='bbox 507 3105 632 3177; x_wconf 84' lang='lat' dir='ltr'><strong>epulantis</strong></span> <span class='ocrx_word' id='word_1_155' title='bbox 643 3107 671 3162; x_wconf 88' lang='lat' dir='ltr'><strong>in</strong></span> <span class='ocrx_word' id='word_1_156' title='bbox 683 3107 797 3165; x_wconf 87' lang='lat' dir='ltr'><strong>convivio</strong></span> <span class='ocrx_word' id='word_1_157' title='bbox 809 3107 880 3160; x_wconf 78' lang='lat' dir='ltr'><strong>&#39;luel</strong></span> <span class='ocrx_word' id='word_1_158' title='bbox 899 3105 945 3160; x_wconf 91' lang='lat' dir='ltr'><strong>nbi</strong></span> <span class='ocrx_word' id='word_1_159' title='bbox 957 3105 981 3158; x_wconf 88' lang='lat' dir='ltr'><strong>ci</strong></span> 
     </span>
    </p>
   </div>
   <div class='ocr_carea' id='block_1_9' title="bbox 0 0 1268 3850">
    <p class='ocr_par' dir='ltr' id='par_1_10' title="bbox 0 0 1268 3850">
     <span class='ocr_line' id='line_1_25' title="bbox 0 0 1268 3850; baseline 0 4"><span class='ocrx_word' id='word_1_160' title='bbox 0 0 1268 3850; x_wconf 95' lang='lat' dir='ltr'><strong> </strong></span> 
     </span>
    </p>
   </div>
  </div>
 </body>
</html>
