2528 3850
223 339 1096 353 *m—

266 449 313 498 238
520 447 570 496 DE
587 445 808 498 ῙΜῙΤΔΤῙΟΝΕ

265 603 318 643 non
329 584 394 642 alius
406 586 479 644 cibus
490 586 683 643 manducandus
694 586 965 658 pmponitur,nisi'lt1
976 588 1069 646 uncus

266 694 375 750 dilectus
388 694 451 767 ejus,
459 713 537 766 super
547 693 634 750 omnia
645 693 772 750 desideria
782 693 866 750 cordis
876 694 932 767 ejus
942 694 1070 752 dmidcra·

266 801 341 858 bilisl
373 803 409 857 Et
420 801 484 857 mihi
499 799 603 873 quidem
614 799 689 857 dulce
700 801 768 858 foret
779 801 956 873 inpraesentia
968 803 1025 858 mm
1035 821 1069 859 cx

267 910 358 966 intimo
370 909 465 965 affeetu
481 909 606 982 lacrymas
622 908 737 979 fundere,
749 913 777 966 et
789 928 849 966 eum
860 910 904 982 pia
914 910 1071 982 Mcgdslcna

267 1013 345 1087 pedes
357 1016 427 1071 Tuos
438 1014 555 1088 lacrymis
567 1015 698 1088 irrigaret
721 1017 773 1074 Sed
781 1017 827 1074 ubi
836 1021 876 1074 est
885 1019 940 1076 haec
949 1019 1069 1077 devotio?

266 1122 312 1178 nbi
329 1123 497 1195 lacrymarum
515 1127 662 1179 sanctarum
680 1125 784 1197 copiosa
802 1125 913 1184 musio?
950 1128 1030 1184 Certe
1042 1129 1071 1184 in

267 1233 407 1300 conspectu
418 1229 475 1285 Tuo
487 1233 514 1286 ct
526 1234 675 1287 sanctorum
688 1233 846 1306 Angelorum
857 1234 972 1290 Tucmm
982 1239 1070 1292 totum

266 1353 405 1393 cormeum
414 1335 503 1393 ardere
512 1335 624 1404 deberet,
635 1342 702 1394 etex
713 1338 808 1411 gaudio
817 1339 894 1405 flcrc;
910 1339 992 1396 habco
1000 1341 1070 1396 enim

265 1443 303 1500 'lc
311 1443 340 1499 in
351 1443 516 1500 Sacramenta
524 1462 585 1500 vere
593 1449 755 1516 praesentem,
765 1445 881 1517 qumvis
890 1445 974 1502 aliena
982 1448 1069 1520 spccic

266 1551 432 1609 occultatum.

302 1662 327 1716 2.
346 1659 416 1715 Nam
432 1658 460 1714 in
475 1659 579 1731 propria
596 1661 623 1714 ct
639 1658 726 1714 divim
741 1658 858 1716 claritate
869 1659 907 1716 Tc
919 1659 1067 1731 conspicere

266 1768 335 1825 oculi
346 1768 397 1824 mei
407 1768 475 1823 ferre
483 1785 536 1823 non
547 1771 667 1839 possent3
685 1767 731 1822 scd
742 1786 825 1839 neque
837 1771 909 1823 totus
919 1767 1031 1823 mundus
1039 1767 1068 1823 in

267 1875 367 1948 fulgore
379 1873 466 1947 gloria
478 1873 620 1946 majestatis
632 1873 695 1930 nm
702 1873 861 1931 subsisteret.
899 1875 934 1930 In
945 1873 994 1930 hoc
1006 1889 1072 1946 crgo

267 1982 437 2038 imbecillitati
448 1999 512 2038 mesa
525 1981 645 2048 consulis,
656 1981 724 2052 quod
736 1981 773 2037 'lc
786 1982 834 2037 sub
848 1982 1012 2037 Sacramenta
1024 1979 1070 2036 ab·

267 2087 377 2144 scandis.
415 2087 507 2144 Habeo
519 2100 579 2143 vers
591 2091 618 2143 ct
631 2086 709 2143 adoro
722 2088 804 2154 Quem
816 2087 911 2159 Angell
923 2087 1030 2143 adorant
1041 2085 1072 2142 in

267 2195 331 2252 coelo
337 2216 346 2263 ;
363 2195 409 2252 sed
420 2213 469 2269 ego
481 2195 565 2252 adhuc
576 2193 680 2251 interim
689 2195 717 2250 in
725 2195 784 2261 fide,
797 2194 834 2250 illi
846 2199 933 2251 autem
944 2195 973 2250 in
984 2194 1070 2266 specis

266 2307 294 2359 et
306 2304 361 2360 sine
369 2304 501 2360 velamine.
531 2304 578 2360 Me
590 2304 692 2375 oportet
704 2305 856 2358 contentum
865 2321 922 2358 esse
932 2302 962 2357 in
972 2302 1068 2357 lumine

270 2429 337 2466 vera
349 2410 416 2476 fidei,
430 2414 456 2466 et
468 2411 496 2466 in
507 2429 538 2467 ea
550 2409 687 2476 ambulare,
701 2410 776 2464 donec
791 2411 885 2479 aspiret
902 2409 954 2464 dies
965 2411 1070 2462 aeternas

268 2517 399 2583 claritatis,
413 2523 438 2573 ct
450 2521 540 2574 umbrae
555 2519 694 2590 figurarum
708 2516 878 2572 inclinentur¹.
917 2517 976 2571 Cum
987 2520 1070 2570 autem

267 2628 362 2680 venerit
380 2626 446 2694 qaod
457 2629 594 2697 perfectam
607 2631 672 2692 calm,
689 2623 800 2680 cessabit
816 2642 879 2678 usus
898 2626 1069 2678 sacramento-

267 2749 336 2795 rum
350 2729 410 2801 quia
421 2731 498 2785 Beati
509 2730 537 2785 in
548 2731 629 2803 gloria
641 2730 739 2786 coelesti
749 2749 802 2785 non
814 2733 890 2802 egent
903 2727 1071 2784 medicamine

268 2837 455 2893 sacramentali.
481 2837 600 2892 Gaudent
613 2837 681 2892 enim
691 2838 745 2892 sine
757 2837 807 2891 fine
816 2835 844 2892 in
855 2835 992 2907 praesentia
1000 2835 1066 2900 Dar,

267 2944 332 2999 facie
344 2943 376 2999 ad
388 2943 478 3000 facicm
490 2944 596 3016 gloriam
606 2943 671 3016 Ejus
684 2943 844 3014 speculantes
848 2966 855 3010 3
875 2946 901 2998 et
911 2944 941 2997 dc
950 2944 1068 2996 claritate

211 2995 214 3085 l

291 3101 302 3131 ¹¹
316 3102 345 3141 Ol.
356 3102 375 3141 8.
385 3101 433 3140 Luc.
443 3101 478 3142 vll.
488 3099 519 3147 tl,
528 3100 552 3141 88
562 3113 567 3147 ;
584 3099 621 3138 ssd
629 3108 671 3137 non
679 3097 785 3185 αείιιιτιὶὶίἱ
791 3094 1032 3186 ἓὲῐΜὲτΜιςᾱιὶοηι

197 3316 1137 3337 EUM..

214 3336 222 3366 a
1112 3340 1120 3367 ι
