2528 3850
447 412 591 460 CHRISTI
609 411 662 460 111.
679 413 718 469 58,
731 414 769 462 59.
954 409 1002 461 207

205 546 239 602 In
249 545 318 601 nullo
330 545 437 617 denique
452 565 556 618 possum
576 546 650 619 plene
670 546 801 615 confidere,
822 545 866 617 qui
877 546 904 600 in
915 563 1002 601 neces·

205 650 324 707 sitatibus
343 651 479 706 auxilietur
499 651 675 724 opportunius,
693 652 745 707 nisi
764 653 792 707 in
809 652 845 707 Te
864 651 918 707 solo
938 651 1001 706 Deo

205 774 268 812 meo.
304 757 344 812 Tu
355 775 383 813 es
401 776 459 829 spes
475 776 539 827 mes,
556 758 597 813 Tu
610 758 703 814 fiducia
718 777 782 826 mea,
800 758 841 814 Tu
857 757 1001 814 consolator

204 881 283 932 meus,
295 866 322 919 et
333 862 494 920 fidelissimus
506 864 534 919 in
546 863 671 920 omnibus.

239 972 263 1025 2.
282 970 385 1036 Omnes,
411 989 468 1042 quse
491 989 539 1026 sna
567 974 635 1036 sunt,
667 973 783 1042 quaerunt
792 992 801 1037 ;
830 970 871 1025 'lu
891 968 999 1025 sulutem

202 1093 285 1130 meam
308 1078 335 1131 ot
357 1075 501 1147 proiectum
521 1094 608 1132 meum
628 1075 785 1132 solummodo
805 1074 950 1147 protendis,
971 1079 999 1131 et

203 1180 287 1236 omnia
297 1180 325 1235 in
335 1180 431 1237 bonum
441 1181 505 1236 mihi
515 1182 650 1238 convertis.
685 1180 794 1237 Etiamsi
805 1181 881 1236 variis
892 1180 999 1236 tentati·

202 1286 293 1342 ombus
305 1290 332 1343 et
344 1287 539 1344 edversitubbus
555 1306 666 1360 exponas
678 1306 726 1354 me,
739 1288 788 1344 hoc
805 1290 891 1343 totum
903 1286 935 1343 sd
947 1287 997 1342 uti-

201 1391 300 1447 litatem
323 1411 406 1448 meam
423 1393 532 1463 ordinas,
551 1393 601 1460 Qui
618 1393 687 1449 mille
704 1392 786 1448 modis
804 1393 909 1448 dilectos
927 1393 996 1450 Tuos

200 1496 308 1568 probare
335 1499 496 1555 consuevisti.
532 1499 567 1554 In
590 1518 641 1571 qna
668 1497 817 1570 probatione
836 1516 889 1552 non
911 1498 995 1554 minus

201 1601 273 1675 dffigi
287 1603 363 1661 dssbffl
375 1607 402 1660 01
412 1605 517 1672 laudari,
531 1605 642 1677 quamsi
658 1604 802 1660 ooelestibus
820 1603 995 1660 consolationi·
1048 1674 1049 1696 Χ

200 1709 249 1766 bus
260 1729 301 1766 ms
313 1711 430 1783 replercs.

235 1819 259 1871 3.
278 1817 356 1873 lnTe
368 1837 437 1890 ergo,
447 1819 562 1874 Douma
572 1818 658 1884 Dens,
668 1835 735 1889 pono
744 1819 826 1872 totam
834 1834 903 1888 spem
912 1834 992 1872 meam

199 1925 226 1977 et
246 1923 390 1996 refugium
408 1925 436 1982 in
447 1927 484 1982 Te
495 1944 595 1982 omnem
610 1925 800 1981 tribulationem
812 1927 838 1980 et
850 1923 993 1994 angustiam

198 2045 281 2083 meam
303 2031 432 2086 constituo
443 2052 451 2098 ;
476 2033 536 2104 quia
561 2036 647 2088 totum
672 2031 800 2086 infirmnm
825 2033 852 2085 et
875 2029 992 2086 instabile

197 2132 306 2202 invenio,
319 2136 442 2208 quidquid
457 2141 531 2193 extre
543 2139 580 2193 Te
589 2137 724 2209 eouspioio.
754 2136 816 2192 Non
825 2135 892 2191 enim
904 2134 992 2206 prode

197 2242 258 2294 runt
274 2241 349 2297 multi
360 2242 441 2308 amici,
459 2262 542 2315 neque
558 2244 638 2299 lortes
651 2243 774 2298 auxiliarii
791 2241 908 2313 adjuvare
920 2245 992 2313 pote·

197 2348 265 2411 nunt,
288 2366 335 2403 nec
353 2348 492 2420 prudentes
513 2350 649 2406 consiliarii
671 2367 821 2420 responsum
839 2348 903 2403 utile
922 2347 990 2414 dare,

196 2467 279 2522 neque
307 2451 366 2508 libri
395 2453 528 2510 doctorum
551 2455 682 2522 consolari,
706 2472 754 2510 neo
774 2454 858 2525 aliqua
879 2453 991 2525 pretiosa

196 2554 340 2611 substantia
350 2557 464 2625 liberare,
474 2577 522 2615 nec
533 2560 604 2616 locus
616 2561 706 2632 aliquis
718 2564 831 2616 secretus
841 2561 867 2614 et
876 2577 990 2614 amoenus

196 2662 338 2727 contutari;
356 2663 379 2718 si
387 2665 427 2719 'm
435 2665 496 2736 ipse
507 2684 560 2722 non
568 2668 680 2734 assistas,
691 2668 773 2741 juves,
784 2667 919 2732 confortes,
930 2684 989 2721 oon-

197 2763 291 2836 soleris,
303 2767 422 2835 instruas,
435 2773 462 2826 et
474 2772 609 2829 custodias.

231 2880 255 2931 4.
275 2876 367 2932 Omnia
389 2895 504 2949 namque,
523 2897 579 2951 qua
597 2879 629 2934 cd
646 2897 735 2951 paoem
751 2878 871 2935 videntum
889 2896 944 2933 esse
963 2881 989 2932 et

194 2984 343 3040 felicitatem
360 2983 508 3050 habendam,
527 2984 564 3040 Te
585 2985 690 3041 absente
707 2984 771 3040 nihil
788 2988 857 3052 suut,
875 2982 989 3053 nihilque

194 3089 324 3146 felicitatis
353 3089 511 3146 inveritate
530 3090 672 3146 conterunt.
708 3089 779 3144 mnis
796 3107 858 3161 ergo
875 3088 989 3143 omnium
