2546 3842
414 467 560 517 CHRISTI
578 467 630 516 111.
643 468 683 526 41,
695 468 733 515 la
929 468 975 515 loa

181 604 275 668 catns3
301 601 347 657 sed
358 603 381 658 si
395 620 527 658 recursum
546 601 625 658 babes
643 601 676 656 ad
691 618 791 672 semper
806 601 934 658 viventem
948 607 975 658 et

181 712 326 765 manentem
337 709 487 776 Veritatem,
500 727 553 765 non
568 708 730 766 contristabit
746 708 842 764 amiens
854 707 975 764 recedens

183 819 227 871 ant
239 815 356 872 moriens.
374 815 409 871 In
419 817 465 871 Mc
479 815 555 871 debet
567 815 642 871 amici
653 813 756 870 dilectio
767 817 844 880 stare,
860 816 887 870 et
900 832 974 887 prop·

183 925 222 977 ber
233 922 279 978 Me
291 921 433 994 diligendus
445 925 485 978 est
498 921 612 993 quisquis
632 920 680 976 tibi
695 919 778 976 bonus
793 920 864 976 visus
882 922 929 986 est,
947 924 974 975 et

181 1027 292 1083 mullum
315 1045 389 1083 earne
411 1028 440 1082 in
461 1028 509 1084 bac
526 1028 587 1088 vita
633 1027 693 1082 Sino
710 1026 757 1082 lde
774 1043 825 1080 non
842 1025 910 1082 valet
927 1043 975 1081 nec

181 1133 283 1190 durabit
292 1135 410 1202 amicitie,
429 1153 477 1192 nec
492 1139 532 1191 cet
548 1153 608 1191 vcra
624 1138 650 1192 et
666 1134 761 1190 munda
777 1133 886 1200 dilectio,
898 1152 974 1206 quam

180 1242 240 1314 llgo
261 1259 314 1298 non
336 1243 435 1314 copulo.
482 1244 527 1298 Ita
548 1246 665 1302 mortuns
688 1243 765 1300 debes
794 1263 850 1302 esse
879 1244 974 1301 talibus

181 1347 358 1405 alimtionibm
375 1348 525 1407 ddectnrum
542 1349 680 1416 bominum,
699 1353 738 1419 nt,
754 1354 879 1422 qnantum
896 1350 929 1406 ad
945 1353 973 1406 te

182 1459 301 1528 pertinet,
326 1459 381 1518 sinc
404 1460 474 1514 omni
496 1459 607 1515 hnmano
630 1463 732 1532 optares
756 1479 813 1516 csse
836 1461 972 1518 consortio.

182 1571 265 1626 Tanto
275 1571 352 1626 homo
362 1571 424 1626 Dno
441 1571 523 1644 magis
539 1572 730 1644 appropinquet,
744 1574 839 1642 quanto
856 1571 888 1626 ab
904 1572 973 1627 omni

183 1682 382 1738 solatioterreno
395 1683 496 1754 longius
512 1681 615 1737 recedit.
651 1645 735 1736 rideo
751 1681 829 1737 eiiam
844 1681 921 1738 altius
941 1681 973 1737 ed

183 1789 270 1844 Deum
286 1788 407 1854 escendit,
423 1791 519 1860 quanto
537 1787 687 1861 profundius
704 1789 732 1844 in
747 1806 775 1844 se
793 1787 931 1857 descendit,
946 1791 973 1845 ct

183 1897 240 1968 plor
252 1896 301 1952 sibi
311 1897 361 1968 ipsi
371 1896 478 1952 vilescit.

219 2005 243 2057 b.
256 2005 273 2036 ‘⁸
280 2001 334 2062 Qui
343 2005 428 2058 entem
437 2001 486 2058 sibi
495 2001 590 2073 aliquid
597 2002 659 2058 boni
667 2001 792 2069 attribuit,
801 2003 910 2074 gratiam
916 2003 973 2058 Dm

183 2113 211 2167 in
228 2130 256 2168 sc
272 2113 358 2168 venire
374 2113 488 2185 tripedii,
502 2114 562 2184 quia
577 2113 661 2185 gratia
676 2115 803 2170 Srmmus
815 2115 917 2170 Senem
929 2131 973 2170 cor

182 2219 277 2276 humile
289 2238 388 2292 semper
400 2220 498 2291 qnaerit.
529 2220 557 2274 Si
571 2221 648 2276 scires
659 2223 687 2276 te
700 2220 812 2292 perfecte
828 2221 972 2292 annihilare,

183 2329 261 2398 atque
278 2326 310 2383 ab
324 2327 394 2382 omni
405 2331 491 2383 creato
503 2345 588 2382 amore
600 2346 729 2394 evacuare,
741 2332 805 2385 tnnc
816 2329 933 2386 deberem
945 2331 973 2387 in

183 2437 211 2489 bc
223 2451 282 2490 cnm
292 2452 385 2506 magna
401 2435 485 2506 gratia
500 2453 624 2490 emanare.
660 2436 770 2496 Quando
781 2440 813 2493 tn
823 2438 928 2510 respicis
940 2438 973 2494 ad
1017 2421 1020 2512 l

184 2539 491 2606 creaturas,rubtrabitnr
502 2541 678 2613 tibiaspectns
691 2543 826 2600 Creatoris.
856 2545 934 2602 Disce
946 2555 973 2602 te
1017 2524 1019 2577 l

183 2648 211 2703 in
220 2647 336 2703 omnibus
347 2650 452 2719 propter
463 2647 610 2704 Creatorem
616 2650 730 2718 vincere3
748 2653 811 2708 tunc
822 2650 855 2707 ad
863 2650 974 2707 divinam

185 2751 279 2808 valebis
291 2752 460 2824 cognitionem
471 2755 622 2828 pertingere.
645 2758 885 2830 Quantumcumque
896 2759 974 2814 modi·

185 2877 243 2915 cum
262 2860 304 2926 sit,
326 2861 349 2916 si
367 2859 429 2932 quid
444 2861 586 2919 inordinate
603 2863 717 2938 diligitur
734 2869 761 2922 et
778 2867 920 2938 respicitur,
935 2885 975 2922 re·

184 2967 407 3024 tardatasrimmo
418 2969 492 3038 bono,
504 2973 531 3025 et
542 2971 642 3026 vitiat.'’
1016 2977 1021 3303 Ι
