2524 3844
281 418 312 465 46
530 417 578 464 DE
597 417 814 466 IMITATIONE

315 554 339 608 3.
359 551 430 612 Quid
444 551 512 607 eliud
527 551 594 623 ignis
608 551 650 606 iile
668 551 805 618 devorabit,
822 551 870 606 nisi
887 557 993 624 peecata
1009 556 1075 610 tua?

279 660 385 720 Quanto
397 658 505 730 emplius
517 657 566 712 tibi
577 657 626 728 ipsi
635 675 702 712 nune
711 657 793 730 percis
802 660 829 712 et
841 675 942 712 eemem
952 660 1073 731 sequeris,

277 768 350 821 tento
371 763 460 821 durius
475 767 565 834 postea
579 763 643 828 lues,
667 764 694 817 et
718 763 839 835 majorem
859 765 992 819 materiam
1009 783 1074 820 eom·

277 871 386 927 burendi
405 887 527 926 reservas.
564 869 598 924 In
619 869 712 940 quibus
735 869 810 924 homo
833 844 956 942 peeesiit,
975 870 1003 925 in
1024 871 1075 926 illis

279 977 382 1049 gravius
394 975 522 1048 punietur.
558 975 600 1030 Ibi
608 975 717 1030 acediosi
728 974 875 1031 ardentibus
888 976 998 1032 stimulis
1012 995 1075 1048 pun·

277 1087 377 1156 gentas,
402 1086 429 1138 et
452 1082 536 1154 gulosi
558 1081 659 1154 ingenti
676 1082 743 1137 ieme
762 1100 792 1136 ee
816 1082 861 1137 siti
883 1083 1072 1140 cruciabuntur.

276 1189 319 1245 Ibi
338 1188 462 1244 luxuriosi
482 1191 508 1244 et
528 1187 689 1260 voluptatum
707 1161 832 1243 amatores
852 1188 950 1244 ardenti
968 1189 1025 1261 pice
1046 1195 1072 1246 et

276 1271 365 1350 fetido
376 1293 497 1365 sulphure
508 1293 700 1366 perfundentes,
714 1297 741 1350 et
752 1293 820 1348 sieut
832 1293 922 1350 furiosi
934 1313 1009 1350 osnes
1020 1314 1072 1367 pree

277 1399 362 1455 dolore
373 1399 493 1455 invidiosi
504 1398 647 1455 ululabunt.

310 1508 335 1560 1.
355 1504 466 1561 Nullum
482 1505 575 1560 vitium
599 1504 655 1569 erit,
675 1503 742 1576 quod
766 1523 843 1560 suum
864 1507 997 1577 proprium
1016 1524 1071 1562 eru·

276 1612 378 1678 vietum,
398 1589 452 1667 sion
467 1609 578 1666 habebit.
614 1609 657 1664 Ibi
668 1609 771 1681 superbi
788 1609 858 1664 omni
873 1611 1021 1666 confusione
1033 1630 1070 1666 re

274 1718 419 1790 plebuntus
434 1721 461 1772 et
473 1716 543 1772 sveri
555 1716 696 1771 miserrima
707 1719 822 1788 egestate
834 1715 1009 1772 sectabuntus.
1028 1717 1070 1773 Ibi

275 1823 324 1879 erit
341 1841 394 1878 una
410 1823 474 1877 hore
492 1821 593 1894 gravior
610 1822 638 1876 in
649 1839 730 1894 piens,
750 1839 826 1892 quem
837 1821 880 1876 hie
892 1825 995 1876 eentum
1011 1822 1071 1907 enni

274 1928 301 1984 in
316 1928 474 1984 amarissime
486 1926 643 1999 penitentis
679 1926 723 1981 Ibi
737 1925 808 1980 11111111
820 1926 921 1998 requies
939 1930 987 1992 est,
1000 1926 1070 1981 11111111

274 2034 411 2089 eonsoietio
423 2031 548 2088 damnetis
555 2054 563 2098 ;
581 2031 623 2086 hie
638 2035 725 2087 tamen
739 2031 868 2086 interdum
883 2036 998 2088 cessetur
1009 2051 1025 2087 a
1035 2032 1069 2087 is

272 2137 636 2210 boribus,equeam100mm
656 2137 751 2193 estus
771 2117 876 2194 isses.
912 2138 978 2194 seo
994 2137 1069 2193 moso

273 2245 397 2300 sollicitus
408 2248 435 2300 et
447 2243 536 2300 dolens
545 2260 592 2315 pro
603 2243 714 2314 peeestis
726 2243 786 2310 tuis,
797 2247 828 2298 ut
839 2244 868 2299 in
876 2243 916 2299 die
923 2225 1019 2299 Judieii
1031 2261 1069 2298 se-
1184 2269 1187 2276 »

272 2367 349 2404 eurus
361 2349 396 2404 sis
408 2367 467 2405 eum
478 2348 568 2405 bestie.
605 2351 673 2404 iimo
684 2352 817 2420 enimjustt
828 2352 929 2404 statuat
939 2353 968 2405 iu
978 2369 1068 2422 meysa

272 2457 412 2511 comantia
432 2458 548 2511 adversus
564 2473 610 2521 eos,
630 2458 715 2526 quise
735 2455 957 2528 ammisisset
977 2458 1005 2512 et
1026 2455 1068 2511 de·

270 2566 425 2631 presserunt.
461 2561 533 2618 Tune
550 2560 629 2618 stabit
647 2559 865 2632 adjudicandum,
885 2561 930 2633 qui
946 2561 1021 2616 modo
1040 2580 1068 2618 se

269 2666 373 2738 subjicit
396 2667 527 2722 humiliter
544 2666 647 2739 judiciis
667 2666 805 2722 hominum.
853 2667 925 2722 Tune
948 2684 1068 2739 magnam

268 2771 386 2828 fiduciam
397 2771 500 2828 hebebit
511 2790 608 2846 pauper
622 2775 648 2827 et
663 2771 774 2839 humilis,
792 2775 819 2828 et
835 2771 937 2845 pavebit
954 2771 1066 2843 undique

268 2877 402 2949 superbus.

301 2986 325 3038 5.
336 2983 409 3039 Tune
416 2983 544 3040 videbitur
551 2982 652 3056 sepiens
663 2982 692 3039 in
700 2981 748 3038 hoe
759 2981 855 3039 mundo
863 2981 950 3050 fuisse,
964 2982 1065 3054 quipse

608 3124 735 3174 isaael.
