2524 3844
452 460 596 512 CHRISTI
618 461 638 510 Ι.
652 463 689 511 21.
939 465 970 514 ³7

113 659 114 668 ἵ
179 609 274 656 sumus,
287 589 347 660 quis
367 591 584 662 compunctionem
596 591 678 646 cordis
698 593 904 664 conquerimus,
923 612 970 648 neo

113 712 115 811 p
178 714 255 750 vanas
267 699 294 750 et
306 699 424 750 externas
436 695 538 750 omuino
551 695 689 767 abjicimus.

212 804 237 854 4.
256 801 387 872 Cognosce
410 803 438 856 te
458 780 593 871 indignum
616 801 701 857 divine
723 803 900 870 consolatione,
925 805 970 860 sed

177 895 258 965 magis
276 895 381 966 dignum
398 894 480 948 multe
496 894 665 950 tribulatione.
711 896 819 956 Quando
836 898 912 953 homo
930 903 969 954 est

123 920 126 1076 i
176 1001 289 1071 perfecte
301 1002 475 1070 compunctis,
488 1002 551 1054 tuno
562 999 646 1070 gravis
659 1002 685 1055 et
697 1018 796 1055 umarus
808 1004 847 1056 est
859 1002 884 1056 ei
898 1005 969 1056 totus

114 1088 127 1170 l
178 1103 295 1158 mundus.
331 1103 419 1158 Bonus
442 1105 518 1158 homo
542 1104 706 1160 sufficientem
725 1104 822 1160 invenit
839 1107 970 1162 materiem

114 1176 127 1306 p
178 1208 278 1264 dolendi
297 1214 323 1265 et
345 1209 439 1277 flendi3
470 1210 523 1264 sive
547 1210 614 1264 enim
637 1227 665 1264 se
689 1207 837 1290 consideret,
863 1209 915 1264 sive
939 1209 971 1266 dc
1025 1227 1027 1239 ·

116 1310 118 1354 l
177 1321 292 1393 proximo
312 1322 410 1392 pensat,
430 1319 479 1374 soit
499 1319 559 1389 quis
578 1337 652 1373 nemo
673 1318 727 1372 sine
746 1316 909 1406 tribplctione
929 1317 971 1374 hic
1025 1330 1028 1361 t

178 1426 257 1482 vivit:
276 1429 302 1481 et
315 1429 410 1498 quanto
422 1426 537 1481 strictius
549 1444 604 1480 sese
617 1424 766 1507 consideret,
775 1429 851 1480 tento
864 1425 970 1496 amplius

179 1532 255 1588 dolet.
290 1533 407 1588 Materies
421 1532 486 1604 justi
504 1531 596 1587 doloris
610 1535 636 1589 et
650 1532 756 1588 internoe
771 1532 970 1604 compunctionis

179 1647 240 1698 sunt
257 1647 362 1714 peccata
379 1645 406 1698 et
423 1643 486 1697 vitiu
502 1646 598 1708 nostra,
617 1641 708 1713 quibus
725 1642 763 1697 ita
780 1641 889 1696 involuti
905 1643 971 1716 jaee-

182 1768 247 1815 mus,
260 1753 291 1804 ut
302 1767 359 1803 raro
371 1747 483 1803 coelestie
494 1747 658 1818 contemplari
665 1747 800 1804 veleamus.

215 1861 240 1912 5.
259 1857 288 1911 Si
298 1856 455 1927 frequentius
470 1855 501 1910 de
516 1859 599 1909 morte
614 1859 667 1920 tue,
680 1853 800 1925 quamde
813 1853 972 1926 longitudine

179 1964 240 2019 vitae
248 1963 380 2036 cogItsres
388 1981 440 2017 non
450 1960 555 2016 dubium
567 1961 628 2033 quin
639 1961 777 2018 ferventius
784 1966 811 2017 te
819 1961 971 2018 emendares.
1028 1979 1031 2021 ὲ

182 2073 210 2128 Si
221 2073 298 2128 etium
308 2073 408 2128 futures
419 2072 512 2128 inferni
520 2072 573 2126 sive
584 2072 726 2144 purgatorii
733 2090 819 2143 poenss
829 2071 972 2128 cordialiter
1029 2126 1030 2148 p

181 2181 355 2254 perpenderes,
372 2181 447 2237 credo
468 2179 537 2252 quod
553 2179 662 2234 libenter
681 2178 793 2234 laborem
813 2188 840 2236 et
861 2179 972 2236 dolorem
1028 2156 1030 2169 Ι

121 2212 124 2341 l
182 2289 327 2354 sustineres,
340 2287 544 2360 etnihilrigoris
554 2287 709 2343 formidares.
746 2288 797 2344 Sed
812 2289 914 2361 quinad
930 2309 973 2346 cor

181 2394 233 2450 ista
242 2413 295 2449 non
304 2397 445 2460 transeunt,
458 2397 485 2449 et
496 2393 668 2449 blandimento
682 2394 763 2450 adhue
780 2414 899 2462 amemus,
916 2396 972 2452 ideo
1019 2385 1031 2477 l

182 2501 269 2574 frigidi
281 2505 307 2556 et
318 2502 392 2557 velde
403 2501 471 2574 pigri
482 2519 647 2556 remanemus.

219 2609 242 2662 6.
262 2609 333 2680 Scepe
351 2611 391 2662 est
409 2607 494 2678 inopis
515 2605 626 2677 spiritus,
647 2606 715 2662 unde
737 2610 791 2662 tam
809 2607 899 2663 leviter
916 2626 974 2663 con·
1021 2640 1023 2710 p

124 2680 126 2786 l
183 2714 298 2786 queritur
309 2714 429 2770 miserum
440 2731 539 2784 eorpus.
557 2712 611 2767 Ora
621 2712 700 2784 igitur
706 2713 835 2769 humiliter
842 2714 875 2769 od
885 2715 973 2770 Doru-

183 2836 254 2886 urm,
272 2824 303 2874 ut
320 2819 364 2875 det
381 2819 429 2875 tibi
450 2819 648 2891 compunctionis
666 2820 791 2891 spiritum,
810 2824 837 2876 et
858 2820 973 2877 diuorum

183 2928 326 3000 Propheta:
353 2929 413 2983 Ciba
428 2946 471 2992 me,
490 2927 612 2992 Donum,
627 2947 695 2996 pane
713 2929 878 2998 lacrymarum,
891 2931 916 2983 et
928 2946 974 2998 po-

184 3045 235 3096 tum
247 3041 280 3096 da
291 3041 352 3094 miti
362 3042 389 3094 ic
402 3041 520 3110 lacrymis
531 3041 558 3092 in
569 3047 703 3092 mensura&

441 3155 451 3175 ¹
465 3148 498 3188 Ps
507 3149 576 3188 lxxix.
587 3149 604 3188 6.
616 3149 683 3196 (lxxx.
693 3149 719 3194 5.)
