2524 3844
451 439 594 492 CHRISTI
612 438 633 490 1.
645 439 684 490 25.
932 439 962 489 tl

205 573 229 628 6.
248 572 351 628 Memor
367 573 423 627 esto
441 573 536 644 arrepti
560 571 692 645 propositi,
718 573 745 628 et
761 570 898 644 imaginem
915 570 965 628 tibi

168 696 280 751 propone
293 677 420 736 Cruoiiixi.
453 677 524 734 Bene
535 677 700 734 vereommri
709 679 791 750 potes,
804 677 919 749 inspecta
930 676 965 732 vi·

168 789 197 840 te
210 785 280 840 Jrsu
297 783 421 850 Ormeni,
435 783 495 855 quia
509 783 618 840 necdum
629 785 709 856 magis
721 783 758 840 illi
769 787 796 839 te
808 783 965 840 eonformare

170 889 302 954 studuisti,
314 888 375 944 lieet
387 888 432 944 diu
442 889 470 944 in
480 889 522 944 via
532 890 589 944 Dm
600 889 681 946 luisti.
716 889 871 962 Religiosus,
882 890 927 962 qui
938 908 965 945 se

169 996 268 1051 intente
280 998 307 1051 et
319 989 410 1051 devote
421 995 449 1050 in
460 994 620 1050 sanctissime
626 995 680 1051 vita
691 997 718 1050 et
729 994 846 1067 passione
854 995 966 1050 Donms1

170 1104 279 1167 exercet,
298 1101 383 1156 omnia
399 1101 473 1156 utilia
489 1104 516 1157 et
531 1102 673 1158 necessaria
689 1101 738 1158 sibi
758 1099 915 1157 abundanter
930 1101 966 1156 ibi

169 1207 296 1274 inveniet;
314 1225 363 1263 neo
380 1225 444 1278 opus
461 1210 501 1263 est
518 1210 548 1263 ut
567 1211 641 1263 extra
655 1208 749 1264 Jnsun
764 1207 859 1280 aliquid
876 1208 965 1264 melius

170 1317 275 1386 querat.
311 1314 335 1370 Ο
352 1314 374 1368 si
388 1312 471 1368 Jnsus
487 1313 622 1369 crucifixus
634 1313 662 1368 in
673 1332 716 1369 our
731 1317 849 1370 nostrum
859 1313 965 1379 veniret,

171 1441 248 1494 quam
259 1421 310 1478 oito
322 1424 349 1477 et
361 1421 514 1480 sufficienter
526 1421 595 1479 docti
606 1423 735 1478 essemus!

206 1531 231 1588 l.
249 1529 395 1602 Religiosus
418 1530 531 1587 fervidus
549 1532 634 1587 omnis
649 1532 714 1587 bene
734 1532 821 1602 portet
841 1532 868 1586 et
889 1532 964 1603 eupit,

172 1655 230 1710 qnoe
241 1637 278 1694 illi
285 1637 416 1709 jubentur.
440 1638 586 1710 Religiosus
598 1637 730 1710 negligens
742 1639 769 1692 et
780 1635 882 1708 tepidus
891 1636 968 1693 hebet

171 1743 363 1800 tn‘bulntionem
385 1763 463 1818 super
484 1744 681 1812 tmirnlstionem,
706 1746 733 1800 et
757 1743 877 1800 exomni
895 1748 968 1817 parte

171 1850 270 1922 patitur
288 1851 438 1922 angustiam,
452 1851 512 1923 quia
527 1851 643 1908 interiori
660 1850 831 1908 consolatione
848 1853 925 1916 earet,
942 1854 969 1906 et

173 1957 325 2013 exteriorem
337 1975 449 2030 querere
459 1958 616 2030 prohibetur.
652 1958 799 2030 Religiosus
814 1959 886 2012 extre
898 1955 969 2012 ‹lisoi-

173 2064 269 2136 plinam
280 2065 367 2121 vivens
379 2065 451 2138 gravi
462 2067 534 2138 patet
545 2066 633 2121 ruinae.
670 2065 724 2125 Qui
734 2064 830 2120 leniore
841 2061 931 2135 quaerit
943 2067 970 2119 et

173 2169 325 2236 remissiora,
339 2187 438 2242 semper
449 2171 477 2226 in
488 2171 614 2244 angustiis
627 2172 683 2237 erit,
697 2170 756 2243 quis
767 2173 813 2226 sut
829 2190 910 2227 unum
926 2177 970 2228 aut

174 2275 300 2347 reliquum
312 2270 361 2333 sibi
372 2277 522 2350 displicebit.

212 2383 236 2436 8.
255 2381 389 2441 Quomodo
397 2383 495 2439 isoiunt
506 2387 561 2439 tam
575 2382 650 2440 multi
668 2383 710 2438 elii
722 2382 842 2456 religiosi,
851 2385 895 2455 qui
910 2385 972 2438 setis

176 2489 268 2544 metati
292 2492 352 2545 sunt
376 2490 424 2545 sub
448 2489 580 2562 discipline
600 2490 749 2546 olaustrnlil
775 2491 846 2546 Rero
870 2493 971 2558 exeunt,

177 2597 304 2652 abstracte
320 2597 427 2664 vivunt,'
442 2597 601 2670 pauperrime
630 2595 773 2666 comedunt,
790 2613 877 2668 grosse
897 2595 973 2650 vesti·

176 2707 264 2771 untur,v
277 2703 387 2759 multum
400 2704 523 2771 laborent,
537 2707 627 2776 perum
642 2704 789 2774 loquuntur,
803 2701 847 2756 diu
858 2700 972 2773 vigilent,

178 2815 278 2868 mature
290 2814 407 2882 surgimt
416 2810 541 2865 orationes
553 2805 712 2882 prolongent,
721 2807 867 2879 frequenter
874 2805 973 2878 legunt,

178 2923 206 2976 et
218 2937 246 2974 so
257 2917 285 2974 in
296 2919 366 2974 omni
377 2917 508 2989 disciplina
523 2915 678 2972 custodiunt.
709 2913 828 2970 'Attende
845 2909 974 2968 Certhusi·

179 3043 261 3091 enses,
278 3024 468 3090 Cisteroienses,
485 3027 519 3078 et
529 3023 634 3080 diversae
648 3020 777 3094 religionis
791 3018 926 3074 monachos
945 3033 974 3070 ao

181 3131 310 3198 moniales,
330 3131 439 3203 qualiter
456 3130 525 3185 omni
542 3132 617 3186 noete
635 3128 667 3183 ed
685 3126 843 3200 psallendum
860 3124 976 3179 Donrno
