2546 3842
271 410 317 456 122
525 405 573 454 DE
592 403 809 454 IMITA'l'lONE

269 543 329 598 Hoe
347 544 386 598 est
403 540 471 612 quod
488 559 530 596 me
547 540 693 611 frequenter
710 539 863 604 reverberat,
881 541 907 594 et
925 555 1010 610 eoram
1026 537 1062 592 Te

268 647 409 714 eoniundit,
423 647 491 719 quod
501 651 555 702 tarn
566 646 648 702 labilis
660 665 717 702 sum
729 649 755 701 et
767 645 882 702 infirmus
896 644 929 700 ud
944 645 1062 700 resisten-

268 754 329 810 dnm
346 754 513 826 passionibus.
550 754 607 809 Etsi
625 772 677 810 non
694 753 796 810 omnino
814 752 847 808 ad
863 753 1061 818 eonsensionem,

268 865 354 916 tamen
365 861 427 916 mibi
438 861 516 916 etiam
527 860 634 916 molesta
644 863 671 916 et
679 860 763 931 gravia
775 863 815 916 est
825 879 911 916 earum
918 861 1061 926 insectatio,

268 969 295 1022 et
306 965 384 1022 taedet
396 966 468 1024 valde
481 967 518 1022 sio
530 965 642 1037 quotidie
654 965 738 1021 vivere
754 966 782 1022 in
792 965 846 1022 lite.
882 966 984 1022 Exhinc
1001 970 1063 1023 nota

268 1072 331 1127 mihi
353 1073 382 1128 fit
406 1072 538 1128 infirmitas
562 1091 625 1137 mea,
651 1071 711 1143 quia
732 1072 814 1128 multo
837 1072 937 1130 faoilius
960 1073 1062 1132 irruunt

269 1177 440 1234 abominandoe
452 1197 551 1250 semper
561 1177 709 1250 phantasia,
722 1197 798 1249 quam
809 1177 951 1236 disoednnt.

304 1287 328 1339 3.
347 1285 462 1350 Utinam,
475 1285 613 1340 fortissime
623 1284 701 1339 Daue
713 1284 801 1350 Israel,
810 1285 911 1340 Zelntor
922 1285 1063 1340 animarum

269 1389 387 1456 fidelium,
404 1389 523 1461 respicias
540 1390 606 1445 servi
620 1389 670 1444 'lui
684 1389 795 1445 laborem
811 1393 838 1445 et
852 1389 971 1455 dolorem,
989 1390 1063 1445 assis-

269 1500 358 1566 tasqne
365 1495 401 1550 illi
410 1495 437 1550 in
445 1495 562 1551 omnibus
571 1495 605 1551 ad
613 1514 769 1567 quaeounque
776 1495 923 1567 perrexerit.
959 1495 1063 1551 Robora

268 1621 309 1657 me
325 1601 420 1657 ooeleeti
435 1601 592 1668 fortitudine,
605 1621 638 1658 ne
649 1606 724 1658 vetus
741 1601 825 1667 horne,
837 1601 930 1656 misera
941 1619 999 1657 earo
1011 1601 1063 1673 spi-

268 1708 331 1763 ritui
346 1708 454 1764 needum
470 1708 544 1780 plene
561 1708 673 1774 subacta,
685 1708 769 1764 valeat
785 1707 921 1775 dominari3
941 1708 1062 1766 adversus

269 1831 345 1886 quam
362 1818 459 1870 oertare
476 1815 611 1887 oportebit,
631 1814 751 1886 quamdiu
768 1814 879 1886 spiratur
896 1814 924 1869 in
940 1814 988 1870 hae
1008 1814 1063 1869 vita

268 1921 415 1978 miserrima
450 1921 513 1980 Heu
530 1921 610 1996 qualis
628 1925 669 1978 est
687 1921 741 1978 lraeo
759 1921 820 1987 rito,
838 1920 884 1976 ubi
900 1939 953 1978 non
969 1920 1062 1977 desunt

267 2027 444 2086 tribulationes
462 2031 489 2083 et
505 2028 620 2096 miseria,
638 2027 682 2083 ubi
699 2027 775 2100 plena
791 2027 887 2100 laqueis
902 2032 928 2086 et
944 2029 1062 2085 hostibus

268 2138 328 2192 sunt
340 2134 438 2192 omnia!
457 2133 526 2190 Nam
537 2153 589 2190 una
599 2133 764 2191 tribulatione
774 2153 821 2192 seu
835 2136 977 2192 tentatione
994 2154 1062 2192 reoe

267 2240 350 2307 dente,
369 2241 419 2298 alia
435 2240 548 2308 aeoedit;
574 2239 618 2296 sed
637 2242 663 2295 et
681 2239 765 2312 priore
782 2239 865 2296 adhue
880 2240 988 2298 durante
1004 2259 1062 2300 eon·

266 2348 345 2417 flictu,
358 2349 413 2404 aliae
425 2348 509 2420 plures
522 2347 704 2420 superveniunt
716 2350 742 2404 et
754 2347 898 2420 insperatae.

301 2457 325 2509 4.
343 2454 380 2510 Et
403 2453 529 2526 quomodo
551 2457 638 2526 potest
665 2453 745 2510 amari
766 2453 821 2509 vita
843 2455 953 2524 minio,
975 2457 1061 2510 tantas

265 2556 361 2615 habens
390 2557 578 2625 amaritudines,
608 2562 650 2614 tot
674 2557 790 2630 subjecta
818 2557 1004 2616 calamitatibus
1034 2564 1061 2616 et

265 2663 393 2719 miseriis?
429 2663 564 2723 Quomodo
583 2663 660 2719 etiam
681 2663 775 2719 dieitur
794 2667 855 2732 nita,
876 2667 917 2720 tot
937 2683 1061 2738 generans

265 2773 361 2826 mortes
372 2772 399 2826 et
410 2771 513 2842 pestes?
529 2770 565 2826 Et
577 2773 664 2826 tamen
675 2772 782 2836 amatru,
795 2774 822 2826 et
834 2770 954 2828 delectari
965 2772 993 2828 in
1004 2791 1062 2828 aaa

265 2875 353 2932 multis
374 2877 503 2948 quaeritru.
539 2875 746 2948 Reprehenditru
769 2875 917 2948 frequenter
940 2877 1058 2944 mundus,

265 2980 333 3051 qaod
350 2981 426 3038 iallax
442 2982 477 3040 sit
493 2985 520 3040 et
534 3000 632 3048 vanum
650 2984 796 3038 nontamen
811 2982 884 3038 laoile
900 2983 1059 3055 relinquitur,

265 3087 324 3158 que
336 3088 545 3160 oncupiscentia
555 3087 636 3144 uma
646 3087 752 3142 nmium
764 3087 933 3145 aemulor.
953 3089 1062 3146 aaran
1113 3054 1116 3138 l
