2546 3842
292 421 338 471 152
544 421 592 470 DE
610 420 828 472 IMITATIONE

555 756 673 814 CAPUT
702 756 814 814 XXXV.

290 941 365 984 QUOD
377 940 433 980 NON
445 940 494 980 EST
506 937 654 980 naculum
667 940 687 978 A
698 938 869 980 remmono
886 937 918 978 IN
936 937 992 978 EAG
1009 937 1079 978 vna.

324 1075 349 1128 1.
373 1073 445 1128 “Fili
462 1091 593 1145 nunquam
606 1091 712 1129 seourns
728 1091 756 1128 es
767 1073 796 1128 in
805 1072 854 1129 laao
865 1072 926 1139 vita,
939 1071 985 1127 sed
997 1071 1080 1143 qnoed

288 1179 389 1245 vixeris,
409 1196 509 1252 semper
525 1196 596 1234 anne
612 1178 754 1251 spiritualia
775 1178 825 1235 tibi
846 1181 908 1234 sunt
930 1177 1079 1234 neeessarie

289 1284 364 1340 Inter
372 1285 461 1340 hostes
472 1285 589 1352 verseris,
601 1287 628 1341 et
640 1303 656 1341 a
667 1259 764 1342 dextris
781 1287 809 1341 et
826 1302 842 1340 e
857 1283 967 1340 sinistris
982 1283 1080 1355 impug-

288 1389 366 1445 naris.
402 1390 431 1446 Si
438 1407 500 1462 ergo
511 1405 563 1446 non
573 1389 656 1446 uteris
666 1389 779 1462 undique
790 1393 864 1446 sento
872 1388 1010 1462 patientie,
1028 1404 1079 1443 non

289 1495 340 1552 eris
352 1495 396 1551 diu
407 1495 462 1552 sine
474 1496 585 1552 vrnlnere.
620 1495 774 1568 Insuper,ai
790 1512 843 1551 non
858 1494 932 1566 ponis
948 1511 992 1549 nor
1005 1496 1080 1548 tunm

289 1600 340 1656 fixe
351 1600 379 1656 in
389 1599 443 1670 Me,
453 1617 513 1656 onrn
523 1617 594 1656 mere
604 1599 737 1656 voluntate
748 1603 841 1657 onnota
851 1599 965 1672 patiendi
974 1611 1080 1671 propter

289 1705 342 1774 Me,
354 1724 407 1762 non
414 1706 511 1779 poteris
519 1705 721 1762 ardoremistunr
728 1706 861 1776 sustinere,
870 1723 918 1762 neo
929 1705 962 1760 ed
969 1704 1079 1777 palmam

288 1812 435 1884 pertingere
448 1809 589 1868 hestorum.
625 1810 737 1882 Oportet
751 1812 780 1867 te
795 1828 857 1883 ergo
872 1810 981 1867 viriliter
994 1809 1079 1866 omnia

288 1917 450 1989 pertransire,
459 1918 487 1972 et
497 1915 599 1988 potenti
608 1932 687 1971 mann
697 1914 738 1971 nti
749 1914 869 1972 advemns
881 1915 990 1988 obieeta.
1008 1914 1077 1970 Nam

287 2026 395 2080 rimati
413 2024 491 2078 datur
511 2034 623 2090 now,
644 2025 672 2079 et
694 2023 807 2095 torpenti
829 2021 981 2094 relinquitur
997 2021 1078 2077 multa

287 2128 396 2184 miseria.

323 2235 348 2289 2.
366 2233 417 2289 “Si
440 2233 532 2305 queris
549 2233 577 2290 in
593 2233 642 2290 bno
658 2234 714 2290 vite
729 2233 850 2306 requiem,
870 2233 996 2305 quomodo
1012 2237 1075 2290 tuno

287 2338 418 2410 pervenies
441 2337 475 2393 ed
497 2341 618 2394 aetemem
645 2339 779 2411 requiem?
806 2338 868 2395 Non
890 2357 971 2411 pones
993 2343 1021 2395 te
1044 2338 1077 2394 ed

287 2442 394 2498 multem
404 2442 525 2514 requiem,
543 2442 589 2500 sed
605 2443 638 2500 ed
657 2461 775 2517 magnam
788 2444 946 2517 patientiam.
982 2443 1076 2506 Quaere

286 2548 1077 2619 verampeeennoninterrmedinooennoninhominibus

286 2651 373 2707 neoin
390 2650 637 2720 montanis,
654 2653 895 2711 sedinDnoeolo.
928 2655 1077 2713 Pmemore

285 2751 343 2810 Dnt
354 2753 433 2811 debes
445 2756 530 2812 omnia
540 2756 650 2814 hbenter
660 2758 752 2826 mbire,
765 2758 864 2816 labores
876 2759 973 2816 scilieet
989 2764 1016 2816 et
1032 2760 1076 2817 do·

287 2859 361 2926 lores
379 2859 542 2928 tentationes,
560 2863 715 2929 manens,
733 2863 883 2932 anxietates,
901 2866 1075 2933 nenessitates,

286 2963 453 3031 infimitates,
468 2965 582 3039 injurias,
599 2967 780 3036 oblocutiones,
797 2969 1012 3042 reprehensiones,
1029 2970 1077 3027 hn-
1129 2966 1131 3027 ἰ

607 3114 684 3160 'Apes
694 3111 715 3151 ll.
725 3110 755 3154 ll.
