2524 3844
480 447 624 496 CHRISTI
649 448 671 496 1.
682 451 705 506 6,
720 449 741 500 7.
976 452 1003 500 n

499 721 616 777 CAPUT
651 723 715 779 vn.

330 875 367 914 ΒΕ
384 876 459 914 vm
476 877 524 915 SPE
540 877 575 916 Er
592 877 727 916 lunone
746 877 894 916 mamm

251 1008 274 1060 1.
293 1005 383 1061 Venus
395 1009 442 1072 est,
453 1008 497 1079 qui
509 1025 579 1079 spem
591 1025 664 1063 susm
674 1008 747 1080 ponit
763 1008 790 1064 iu
806 1008 949 1065 hominibus
962 1014 1007 1066 eut

214 1113 242 1168 in
257 1113 387 1168 creaturis.
422 1113 484 1167 Non
496 1117 524 1168 te
539 1112 634 1186 pudeat
654 1113 709 1169 ediis
728 1113 821 1170 servire
836 1133 921 1170 umore
938 1116 1007 1171 Jusu

216 1219 339 1285 omrem,
355 1225 381 1275 et
397 1238 533 1291 pauperem
544 1221 572 1274 in
587 1220 635 1275 hoe
649 1220 741 1276 seculo
755 1220 843 1276 videri
879 1221 941 1277 Nou
955 1225 1008 1277 stes

215 1344 291 1398 super
301 1330 327 1383 et
339 1325 430 1398 ipsum,
443 1326 489 1382 sed
499 1326 527 1382 in
537 1327 600 1382 Dso
615 1345 686 1399 spem
701 1329 773 1382 tuum
785 1327 919 1384 eonstitue.
954 1328 1009 1384 Fue

216 1433 284 1504 quod
294 1434 322 1490 iu
332 1438 359 1488 te
370 1438 417 1501 est,
431 1438 457 1493 et
468 1435 547 1489 Deus
559 1433 639 1489 ederit
646 1434 718 1490 berre
725 1435 851 1490 uoluntati
857 1439 917 1491 tuse.
946 1437 1007 1491 Non

216 1541 325 1598 eoufides
333 1541 362 1596 in
371 1546 418 1597 tue
429 1542 541 1609 seientia,
550 1541 591 1597 vel
602 1542 697 1597 astutia
708 1543 879 1616 cujuscunque
891 1543 1007 1609 viventis,

216 1649 262 1706 sed
275 1650 355 1722 magis
370 1651 398 1706 in
412 1650 468 1705 Dur
482 1650 573 1724 grstia,
587 1650 641 1710 Qud
657 1649 765 1705 humiles
779 1649 882 1724 adjuvet
894 1652 920 1705 et
932 1649 963 1705 de
980 1667 1008 1704 se

215 1762 398 1830 presumentes
409 1757 535 1813 humssiut.

252 1869 275 1922 t.
294 1865 336 1920 Ne
353 1864 469 1938 glorieris
486 1864 514 1918 in
531 1862 633 1929 divitiis,
651 1863 674 1919 si
688 1862 788 1931 adsunt,
804 1880 852 1918 nee
869 1863 897 1916 in
914 1861 1009 1928 amieis,

217 1969 275 2040 quis
285 1973 402 2042 potentes
412 1971 479 2034 sunt,
488 1968 534 2024 sed
544 1968 572 2023 in
582 1969 652 2036 Due,
663 1969 716 2030 Qui
727 1970 811 2025 omnia
821 1973 933 2041 prestet,
942 1972 968 2024 et
979 1969 1011 2023 Se

215 2075 306 2148 Ipsum
317 2093 393 2147 super
404 2075 489 2131 omniu
500 2074 560 2130 dare
574 2073 707 2130 desiderat.
743 2075 805 2131 Non
818 2079 845 2132 ts
861 2074 967 2131 extolles
979 2073 1011 2129 de

216 2179 390 2254 magnitudine
400 2180 442 2236 vel
452 2180 640 2254 pulchritudine
652 2180 771 2252 eorporis,
788 2199 844 2254 quse
859 2179 958 2236 modies
974 2181 1011 2236 in·

216 2286 336 2341 firmitate
350 2285 520 2358 corrumpitur
535 2289 561 2341 et
578 2284 727 2342 deioedutur.
762 2286 825 2341 Non
844 2285 944 2358 plueeus
961 2286 1012 2343 tibi

216 2395 265 2467 ipsi
282 2393 313 2450 de
330 2393 462 2450 habilitate
480 2396 524 2447 aut
542 2392 645 2464 ingenio
661 2396 715 2458 tuo,
734 2411 767 2448 ne
791 2391 922 2464 displiceas
940 2391 1010 2458 Dr0,

217 2501 297 2576 Cujus
313 2505 353 2558 est
364 2505 456 2568 totum,
470 2501 592 2574 quidquid
602 2501 662 2557 boui
677 2498 826 2556 naturaliter
837 2496 966 2553 hebemus.

252 2608 276 2662 3.
297 2607 360 2664 Nou
381 2610 409 2664 te
426 2608 530 2680 reputes
554 2606 608 2662 ediis
631 2605 767 2669 meliorem,
785 2622 819 2658 ne
842 2603 909 2658 forte
925 2620 1011 2658 eorum

217 2717 278 2774 Duo
296 2715 406 2772 deterior
428 2713 551 2780 habearis,
570 2714 625 2773 Qui
645 2714 693 2768 scit
715 2711 776 2783 quid
794 2716 834 2766 est
852 2710 881 2766 in
900 2710 1009 2764 homine.

217 2820 279 2876 Non
290 2819 420 2892 superbies
432 2818 464 2876 de
475 2819 592 2892 operibus
603 2819 684 2885 bouis,
693 2817 753 2890 quis
763 2817 837 2872 aliter
844 2819 905 2872 sunt
914 2815 1012 2890 judieiu

217 2927 273 2982 Dur
291 2946 367 2999 quum
384 2927 523 2993 hominum,
543 2927 592 2982 Cui
610 2944 676 2998 sepe
697 2924 822 2998 displicet,
844 2923 912 2996 quod
931 2923 1011 2980 homi·

218 3031 291 3087 nibus
303 3033 393 3104 plaeet.
431 3033 459 3088 Si
475 3031 569 3105 aliquid
585 3031 646 3089 boni
663 3029 790 3096 habueris,
812 3028 886 3085 erede
904 3027 936 3083 de
955 3027 1010 3083 ediis

218 3136 328 3206 meliora,
353 3142 384 3195 ut
412 3138 582 3194 humilitatem
611 3154 752 3192 conserves.
788 3134 851 3190 Nou
879 3135 961 3197 uuest,
987 3131 1009 3188 si

152 3300 1086 3350 ''dm''
