2528 3850
406 449 551 500 CHRISTI
568 449 619 499 ΙΙΙ,
632 451 672 507 54,
684 445 722 500 55.
922 446 968 496 195

175 585 245 642 Nam
261 603 308 658 per
322 584 432 657 primum
447 586 575 642 hominem
589 585 673 640 Adam
687 585 765 656 lapsa,
779 586 806 639 et
817 582 908 639 vitiata
923 597 970 653 per
1071 669 1073 672 Ι

174 694 315 763 macetum,
332 690 360 745 in
375 708 462 746 omnes
481 691 594 746 homiues
613 707 688 762 poena
707 690 785 761 hujus
802 687 909 742 maome
927 686 968 741 de

175 795 274 851 scandit
283 815 292 862 ;
309 798 340 851 ut
351 795 409 867 ipsa
419 799 519 861 natura,
529 814 586 867 quse
596 795 664 850 bona
674 797 701 850 et
712 796 808 850 rectas
818 791 855 848 To
866 791 971 848 condita

173 899 231 966 fuit,
244 918 291 972 pro
302 900 366 956 vitio
380 899 434 972 jam
446 903 472 956 et
484 899 632 956 infirmitate
644 903 770 972 corrupta
781 900 879 953 naturae
891 915 970 968 pona·

173 1009 224 1072 tur,
236 1023 267 1062 eo
279 1004 348 1077 quod
358 1008 445 1061 motus
463 1005 518 1078 ejus
534 1005 584 1061 sibi
594 1006 698 1061 relictus
714 1005 745 1060 ad
758 1004 853 1060 malum
864 1007 892 1059 et
903 1003 969 1058 inle-

173 1112 240 1167 riora
250 1112 338 1167 trahit.
357 1112 426 1167 Nam
434 1111 533 1168 modica
539 1113 585 1178 vis,
595 1131 651 1182 qua
660 1111 789 1178 remansit,
800 1113 840 1166 est
847 1113 969 1181 tanquam

176 1217 286 1274 scintilla
298 1217 413 1288 quadam
429 1218 512 1274 latens
526 1219 555 1273 in
572 1219 663 1274 cinere.
699 1218 765 1274 Hac
781 1220 822 1273 est
837 1216 893 1288 ipsa
903 1217 970 1272 ratio

173 1323 304 1388 naturalis,
327 1322 481 1380 circumfusa
500 1342 593 1396 magna
612 1323 726 1396 caligine,
749 1322 832 1378 adhuc
844 1321 970 1394 judicium

173 1429 269 1485 habens
280 1429 341 1485 boni
352 1433 379 1486 et
396 1430 464 1497 mni
479 1431 535 1486 veri
547 1430 655 1502 falsique
671 1429 827 1494 distantiam,
845 1428 905 1484 licet
921 1429 968 1484 im·

173 1542 264 1611 potens
285 1539 319 1594 sit
340 1538 476 1611 adimplere
493 1558 568 1595 omne
588 1539 657 1611 quod
680 1537 811 1611 approbat,
829 1555 877 1594 neo
894 1537 969 1609 pleno

170 1643 224 1715 jam
240 1643 336 1700 lumine
352 1645 476 1715 veritatis,
493 1663 541 1701 nec
558 1645 667 1701 sanitate
685 1643 847 1700 affectionum
863 1661 968 1698 suarum

173 1748 295 1821 potiatur.

209 1857 234 1911 3.
252 1856 323 1912 Hinc
340 1859 388 1926 est,
399 1856 478 1912 Duus
495 1875 575 1924 meus,
588 1857 656 1929 quod
673 1857 822 1913 condelector
839 1857 889 1927 lapi
909 1855 970 1911 l'uae

173 1964 303 2018 aemulum
320 1964 461 2019 interiorem
478 1967 617 2031 lomim,
637 1964 719 2019 sciens
730 1963 874 2018 mandatam
885 1961 969 2016 'l'uum

173 2067 228 2123 iore
247 2070 342 2136 bonam,
359 2071 468 2139 justane,
486 2073 511 2125 et
526 2076 651 2140 tamtan,
669 2087 778 2142 arguens
796 2068 874 2124 etiam
893 2085 968 2124 omne

173 2173 268 2230 malum
288 2177 315 2230 et
334 2179 467 2246 paccatum
489 2175 656 2248 fugiendum
683 2193 759 2231 carne
782 2177 869 2230 autem
888 2175 968 2230 acreio

174 2281 226 2352 lapi
235 2282 344 2350 peccati,
363 2281 425 2336 dum
441 2281 522 2354 magis
546 2281 706 2337 sensualitati
722 2279 812 2336 obedio
835 2298 910 2352 quam
928 2298 967 2334 ra

173 2384 245 2441 tioni.
281 2387 352 2442 Hinc
369 2390 417 2452 eet,
435 2387 503 2458 quod
520 2389 580 2442 celle
598 2389 683 2442 bonam
699 2389 761 2442 mill
777 2387 883 2456 adjacet,
894 2389 968 2456 perfi-

174 2509 226 2546 cere
234 2496 315 2546 aulem
323 2511 372 2546 non
380 2494 497 2547 inueniat
515 2492 587 2548 Hine
598 2510 665 2564 sape
672 2492 754 2547 multa
762 2490 966 2563 bouapropono;

174 2595 227 2663 sed,
237 2597 296 2667 quia
304 2596 467 2668 ffatiadeeet
476 2596 687 2670 adadjuvaudum
695 2597 868 2654 infirmitatem
876 2615 966 2667 meam,

175 2719 207 2756 ex
217 2701 268 2757 levi
278 2701 426 2757 resistentia
436 2703 521 2758 resilio
532 2705 559 2760 et
571 2703 666 2760 deficio.
702 2704 773 2760 Hinc
786 2704 884 2770 accidit,
898 2704 966 2775 quod

173 2807 242 2861 uiam
264 2807 427 2878 perfectionis
451 2826 568 2880 agnosco,
590 2812 616 2865 et
640 2810 749 2880 qualiter
766 2828 842 2882 agere
862 2807 966 2865 debeam

174 2911 241 2968 clarc
260 2912 322 2967 satis
343 2911 433 2979 vide03
457 2912 509 2982 sed,
531 2915 639 2986 propriae
663 2915 832 2986 corruptionis
855 2913 966 2986 pondere
1042 2991 1048 3002 α

173 3039 284 3093 pressus,
297 3021 330 3075 ad
340 3020 491 3092 perfectiora
502 3041 554 3079 non
565 3042 678 3097 assurgo.

273 3169 283 3189 ¹
296 3162 354 3202 Rom.
364 3161 399 3200 vll.
409 3160 440 3208 12,
449 3161 479 3210 22,
489 3163 519 3203 2⁵.
702 3173 711 3200 r
723 3163 866 3205 Rom.rll.18.
