2546 3842
266 433 311 491 lua
525 429 574 478 DE
592 427 809 478 IMITATIONE

266 564 383 636 fugitque
394 563 428 618 ad
438 561 558 618 orationis
570 561 723 634 adjutorium
734 577 781 633 pro
792 557 910 630 periculis
921 564 948 611 et
965 557 1056 626 imprc

265 666 389 724 bitatibus
406 667 537 722 hondnum
553 665 721 723 sublevandis.
758 664 801 720 Sic
820 667 847 718 et
869 665 901 717 tu
921 661 1058 731 confugere

266 773 342 830 debes
353 774 381 828 in
392 772 475 830 cordis
482 773 522 828 tui
533 772 705 836 secretarium,
715 769 829 826 divinum
834 767 958 824 intentius
970 765 1058 837 implo-

267 877 346 934 rando
369 878 525 950 suffragium.
560 877 700 949 Propterea
722 891 831 946 namque
854 873 872 928 J
872 890 933 928 osne
956 872 985 926 et
1013 870 1059 925 lilii

267 984 349 1040 lsrael
368 1001 384 1038 a
404 982 551 1039 Gabaonitis
569 982 690 1054 leguntur
705 979 813 1052 decepti,
829 978 889 1050 quia
906 996 932 1032 oa
948 976 1059 1032 Dommr

262 1090 337 1158 priua
348 1107 395 1143 non
407 1091 621 1160 interropaamat
628 1087 642 1153 ¹,
655 1084 701 1142 sed
711 1085 818 1140 nimium
829 1083 926 1139 creduli
943 1081 1060 1137 dulcibus

269 1191 426 1248 sennonibus
438 1191 500 1246 falsa
511 1191 607 1262 pietate
619 1189 701 1245 delusi
713 1189 799 1246 sunl.”

576 1413 749 1450 w

535 1599 652 1654 CAPUT
678 1599 803 1656 XXXIX.

321 1795 395 1838 QUOD
413 1793 490 1833 Homo
507 1792 564 1832 NON
582 1793 623 1832 sm
642 1793 817 1833 mouendus
834 1792 866 1833 nr
883 1783 1016 1836 uacuum.

312 1935 335 1988 1.
354 1933 433 1998 “Fili,
446 1930 577 1987 summitte
588 1931 656 1986 Mihi
667 1948 767 2002 semper
783 1948 885 1986 causam
902 1935 991 1998 tuem3
1009 1933 1065 2004 Ego

275 2039 340 2094 bene
352 2037 483 2108 disponam
497 2036 649 2108 intempore
666 2053 720 2091 suo.
756 2036 872 2106 Expecta
882 2036 1065 2108 ordinationem

276 2143 370 2208 Meam,
383 2145 410 2197 et
421 2141 515 2197 senties
526 2140 585 2196 iuda
596 2139 763 2212 profectum?

312 2249 337 2302 2.
355 2249 477 2312 Domum,
491 2247 553 2302 satis
567 2245 677 2302 libenter
694 2246 752 2302 Tibi
764 2265 852 2302 omnes
868 2265 909 2302 res
927 2247 1065 2313 committo,

279 2353 433 2424 quiaparum
444 2355 529 2422 potest
538 2353 659 2424 cogitatio
671 2370 727 2407 mea
737 2351 866 2424 proficere.
901 2353 1008 2408 Utinam
1016 2371 1068 2408 non

279 2456 388 2512 mullum
399 2447 552 2512 adhererem
562 2457 656 2513 futuris
668 2457 808 2525 eventibus,
821 2457 867 2513 sed
883 2457 916 2513 ad
930 2458 1068 2531 beneplaci-

279 2567 336 2618 tum
347 2563 433 2618 Tuum
443 2563 620 2619 incunctanter
631 2581 672 2618 me
683 2563 807 2619 offerrem.

315 2670 339 2723 3.
358 2669 374 2697 “
382 2667 438 2732 Fili,
451 2656 518 2738 sape
533 2667 673 2724 homonem
685 2668 794 2740 aliquam
805 2668 968 2724 vehementer
980 2671 1068 2742 agitat,

280 2791 356 2845 quam
379 2772 522 2838 desiderat3
552 2772 598 2828 sed
616 2784 682 2828 cum'
694 2774 727 2829 ad
747 2793 803 2830 eam
825 2775 977 2846 pervenerit,
997 2774 1070 2830 aliter

281 2878 375 2933 sentire
397 2877 494 2949 incipit,
518 2878 578 2949 quia
604 2878 750 2935 affectiones
768 2879 836 2936 circa
852 2880 921 2936 idem
938 2898 990 2934 non
1010 2883 1071 2936 sunt

281 2981 414 3049 durabiles,
432 2982 477 3038 sed
493 2983 574 3055 magis
586 2984 617 3039 de
634 3001 686 3038 uno
702 2975 735 3039 ad
750 2983 819 3040 eliud
833 2984 974 3056 impellunt.
1010 2985 1072 3041 Non

601 3114 657 3154 ‘Jos
667 3116 696 3154 lx.
706 3115 737 3154 14.

300 3275 422 3286 *-
433 3279 435 3282 ·

300 3295 421 3304 ,-
