2524 3844
462 419 604 466 CHRISTI
622 419 643 468 Ι.
661 422 700 467 24.
946 419 976 470 47

185 556 306 610 Cunisro
325 553 412 608 didicit
429 554 524 609 stultus
542 557 569 609 et
587 553 721 626 despectus
738 571 802 608 esse.
837 554 910 610 Tunc
926 554 977 628 pla·

184 661 251 716 cebit
260 661 342 716 omnis
353 659 484 714 tribulatio
495 659 622 732 patienter
632 677 759 731 perpessa,
769 664 793 712 et
804 662 879 716 omnis
887 662 976 734 iniqui-

184 772 224 822 tas
235 768 356 836 oppilabit
363 765 480 820 mraaml
515 765 587 819 lbmc
599 764 719 836 pudebit
731 765 812 819 omnis
824 763 938 832 devotus,
949 768 975 821 et

182 869 397 925 moeoebitemnts
413 869 576 940 irreligiosus.
612 869 684 923 'lunc
700 869 758 940 plus
776 868 900 923 exultabit
917 885 976 926 earo

183 975 282 1040 afflicta,
291 992 367 1044 quam
376 974 434 1028 siin
444 973 539 1028 deliciis
551 973 642 1028 fuisset
654 991 752 1044 semper
764 973 868 1028 nutrita.
904 973 975 1030 Tunc

184 1077 328 1150 splendebit
338 1077 440 1132 habitus
452 1078 517 1143 vilis,
531 1081 557 1132 et
565 1077 755 1134 obtenebrescet
769 1079 849 1134 vestis
864 1079 974 1138 subtilis.

182 1183 255 1238 Tunc
263 1183 321 1255 plus
329 1182 474 1238 laudabitur
484 1183 665 1253 pauperculum
677 1181 837 1248 domicilium,
847 1202 923 1254 quam
932 1182 975 1242 de·

182 1293 301 1344 auratum
308 1288 438 1360 palatium.
463 1287 535 1343 'I‘unc
544 1286 643 1359 juvabit
650 1287 707 1358 plus
716 1291 834 1342 comtum
842 1288 973 1358 patientia,

183 1412 260 1464 quam
271 1394 352 1449 omnis
364 1393 451 1448 mundi
462 1392 584 1464 potentia
620 1392 692 1447 'lunc
703 1392 810 1464 amplius
821 1392 975 1450 exaltabitur

183 1499 291 1570 simplex
302 1499 451 1564 obedientia,
469 1518 544 1570 quam
559 1499 640 1553 omnis
656 1491 783 1554 saecularis
794 1499 896 1554 astutia.

219 1606 244 1659 6.
271 1605 344 1659 lbnc
363 1605 421 1675 plus
443 1603 582 1661 mtificabit
599 1622 664 1675 pura
680 1607 707 1658 et
724 1603 792 1658 bona
809 1603 972 1669 conscientia,
1033 1616 1035 1641 ²

184 1727 260 1780 quam
271 1708 517 1780 doctaphilosophia
545 1709 617 1763 'lunc
623 1708 681 1780 plns
690 1707 839 1779 ponderabit
846 1711 973 1778 contemp-

182 1812 885 1885 tusdivitiarum,quamtotusthesaurusterrigenarum.
902 1811 974 1866 'Iunc
1025 1836 1026 1863 ι

182 1919 264 1992 magis
279 1919 446 1974 consolaberis
461 1938 537 1991 super
555 1918 647 1974 devota
664 1917 785 1982 oratione,
805 1935 881 1987 quam
897 1935 974 1988 super

183 2024 291 2080 delicata
307 2025 467 2081 comestione.
503 2024 575 2080 'I‘unc
588 2024 674 2095 potius
689 2021 810 2096 gaudebis
827 2021 858 2078 de
874 2027 974 2078 servato

183 2130 291 2196 silentio,
304 2149 380 2201 quam
391 2130 423 2186 de
433 2130 510 2202 longa
520 2129 682 2185 fabulatione.
709 2129 781 2183 'lunc
788 2127 846 2199 plus
855 2127 974 2184 valebunt

183 2240 272 2292 sancta
288 2255 371 2308 opera,
391 2256 467 2308 quam
483 2235 566 2291 multa
582 2235 687 2307 pnlcbra
703 2234 787 2291 verba
822 2235 894 2291 ltine
917 2239 974 2307 plus

182 2341 292 2412 placebit
308 2341 399 2398 stricta
414 2342 470 2398 rita
490 2344 517 2397 et
534 2340 613 2396 ardua
629 2339 784 2412 poenitentia,
800 2359 876 2412 quam
893 2342 974 2396 omnis

183 2445 318 2501 delectatio
335 2450 445 2502 terrena
480 2446 558 2502 Disce
570 2446 676 2502 nuncin
686 2445 785 2501 modico
796 2446 858 2517 pati,
871 2449 901 2501 ut
912 2451 975 2502 tunc

184 2551 374 2621 agrestioribus
392 2551 476 2607 valeas
493 2551 601 2606 liberari.
637 2551 690 2605 Hic
707 2550 789 2621 primo
808 2549 895 2622 proba,
914 2551 976 2622 quid

183 2655 266 2726 possis
285 2655 340 2727 pati
359 2658 456 2727 postea.
490 2633 523 2710 'ai
542 2673 610 2710 nunc
627 2658 681 2709 tam
701 2673 791 2727 parum
810 2654 879 2710 vales
900 2655 975 2710 susti·

182 2777 251 2825 nere,
270 2760 397 2832 quomodo
414 2763 509 2816 aterna
530 2763 658 2815 tormenta
676 2761 771 2831 poteris
790 2761 916 2816 sufferret
948 2761 976 2815 Si

183 2864 259 2920 modo
270 2865 369 2921 modica
380 2865 464 2936 passio
476 2868 528 2920 tam
543 2864 718 2936 impatientem
728 2870 756 2921 te
765 2866 848 2931 efficit,
862 2865 923 2936 quid
934 2885 975 2938 ge-

185 2971 269 3027 henna
281 2975 344 3028 tunc
355 2971 453 3028 faciet?
471 2971 538 3028 Ecce
549 2989 608 3028 vere
619 2989 671 3027 non
681 2975 754 3043 potes
766 2970 817 3026 duc
826 2971 919 3043 gaudia
934 2971 976 3026 ha

485 3111 492 3140 ¹
506 3110 586 3149 Pacui.
598 3109 695 3158 (cutm
