2546 3842
464 439 607 488 CHRISTI
626 439 677 486 111.
690 440 727 486 23.
946 436 987 482 131

200 574 289 630 solatio
301 593 364 642 mea,
376 573 409 629 ad
422 574 458 630 Te
474 575 501 629 in
515 574 583 629 omni
598 572 761 629 tribulatione
777 570 921 642 confugere,
934 570 990 625 {libi

199 680 331 746 oonfidere,
351 680 388 736 Te
406 699 438 736 ex
458 681 548 736 intimo
567 681 692 746 inumata,
710 681 736 733 et
759 677 885 748 patienter
902 693 990 731 conso
1073 748 1076 754 Ι

199 785 317 842 lationem
330 787 410 841 Tuam
422 789 563 858 expectare.

342 1005 439 1040 oaanlo
451 1005 501 1038 PRO
514 1004 727 1038 rtnunlnn‘nonn
739 1002 845 1036 nenuls.

233 1143 257 1194 8.
275 1139 392 1194 Olarifica
406 1157 454 1204 me,
473 1138 538 1195 bone
552 1138 629 1203 lusa,
647 1137 761 1193 claritate
772 1137 867 1191 interni
877 1135 987 1200 luminis,

197 1248 224 1300 et
248 1244 312 1300 edne
336 1244 368 1299 de
385 1243 528 1299 habitaculo
546 1242 629 1299 eordis
647 1243 697 1298 mei
714 1241 831 1297 tenebras
848 1243 986 1296 universas.

197 1350 293 1405 Cohibe
311 1349 471 1420 evagationes
489 1347 590 1414 milltes,
603 1352 630 1404 et
644 1348 694 1402 vim
713 1348 835 1403 laeieutes
852 1346 916 1402 elide
933 1352 987 1401 ten-

195 1455 313 1510 tationes.
349 1455 441 1526 Pugna
463 1454 564 1509 fortiter
583 1471 630 1525 pro
650 1472 699 1519 me,
721 1457 747 1508 et
768 1470 887 1524 expugna
908 1451 987 1506 malas

195 1560 297 1625 bestias,
316 1559 531 1631 concupissentias
550 1559 605 1616 dieo
625 1558 791 1624 illecebrosas,
816 1565 847 1613 ut
862 1563 915 1629 fiat
932 1577 987 1628 pax

194 1670 222 1720 ia
233 1670 324 1721 virtute
333 1669 393 1730 lica,
403 1671 428 1720 et
438 1667 608 1720 abundantia¹
619 1665 700 1744 landis
712 1665 773 1719 Tuae
780 1668 880 1719 resonet
892 1664 919 1718 in
931 1663 987 1719 aula

195 1777 289 1841 saneta,
300 1770 349 1825 hoo
367 1774 407 1825 est
424 1770 452 1825 in
468 1770 623 1826 conscientia
638 1787 708 1841 pura.
744 1769 847 1840 lupera
857 1769 940 1823 ventis
960 1775 986 1823 et

194 1876 403 1948 tempestatibus;
423 1876 463 1931 die
474 1877 544 1944 arari,
557 1879 572 1907 “
580 1875 686 1942 Quiesce
697 1877 720 1943 ;”
739 1875 779 1931 die
791 1875 909 1946 aquiloni,
922 1875 985 1930 “Ne

194 1982 293 2037 flaveris
303 1985 326 2048 ;’'
345 1985 371 2037 et
383 1982 432 2037 erit
443 1981 613 2052 tranquillitas
625 2000 724 2054 magna.

227 2089 252 2142 9.
271 2088 362 2142 Enaitte
378 2090 452 2143 lacem
461 2089 536 2142 lbani
549 2093 574 2143 et
589 2091 734 2154 veritatem!³
751 2090 781 2142 ut
797 2087 898 2142 luceant
910 2105 986 2158 super

192 2197 286 2248 terram
296 2214 304 2259 ;
322 2194 381 2265 qnia
391 2197 461 2248 terra
472 2212 529 2249 sum
541 2194 622 2249 inanis
632 2197 658 2249 et
670 2211 756 2260 vacue,
767 2193 847 2250 donee
858 2193 984 2249 illumines

192 2317 240 2355 me.
288 2299 398 2354 Effimde
421 2300 531 2371 gratiam
555 2299 680 2371 desuper3
698 2299 822 2371 pertunde
839 2317 883 2355 oor
900 2319 985 2355 meum

192 2421 249 2459 rore
267 2405 381 2471 eoelesti3
401 2405 517 2460 ministra
533 2405 675 2461 devotionis
691 2424 769 2478 aquas
785 2405 817 2461 ad
831 2405 984 2478 irrigandam

191 2510 281 2565 faeiem
293 2515 376 2576 terra,
390 2510 422 2565 ad
433 2511 621 2582 producendum
639 2513 752 2568 frustum
768 2512 862 2568 boumn
876 2518 903 2569 et
919 2514 984 2585 opti-

149 2640 150 2655 *
191 2635 269 2671 mum.
304 2617 384 2673 Eleus
394 2621 506 2673 mentem
521 2636 634 2689 pressam
649 2618 715 2674 mole
730 2622 898 2690 peecatorum,
912 2620 997 2676 etad·

192 2723 303 2778 ooelestia
313 2727 397 2778 totum
415 2723 567 2779 desiderium
583 2743 668 2779 meum
684 2725 816 2797 suspende,
829 2727 866 2793 ut,
879 2729 983 2796 gustata

191 2829 316 2883 suavitate
340 2847 455 2900 superne
477 2829 614 2898 felicitatis,
635 2831 721 2900 pigeat
736 2829 768 2886 de
786 2831 894 2886 terrenis
915 2832 982 2902 eogi-

191 2937 254 2989 tare.

227 3041 268 3094 10.
288 3041 359 3110 Rape
368 3059 409 3096 me
421 3044 447 3096 et
459 3041 528 3114 eripe
539 3043 571 3100 ab
583 3044 651 3098 omni
663 3047 835 3100 ereaturarum
846 3041 980 3097 indurabili

716 3181 726 3209 r
736 3173 769 3214 Pa
779 3174 825 3213 xlil.
833 3174 902 3213 lxliii.»
912 3175 929 3214 t.
