2528 3850
425 451 567 498 CHRISTI
585 451 638 499 111.
654 453 694 508 dt,
709 451 749 498 56.
934 449 977 497 197

196 600 258 647 mee,
271 581 327 654 ipse
338 583 469 638 consilium
481 584 578 640 confert
586 587 612 639 et
621 583 749 638 auxilium.
785 581 890 637 Cunctis
900 581 979 636 hosti·

196 685 244 740 bus
255 685 382 756 potentior
393 690 440 755 est,
452 691 478 742 et
491 686 627 756 sapientior
637 686 761 742 universis
774 685 936 757 sapientibus.

231 792 254 846 6.
272 791 399 862 Magistra
421 794 461 847 est
477 791 600 857 veritatis,
618 791 717 848 doctrix
734 791 877 864 discipline,
895 791 981 846 lumen

194 895 284 962 cordis,
309 897 420 951 solamen
437 915 569 968 pressurae,
592 896 706 968 fingatrix
728 897 849 963 tristitie,
873 896 980 952 eblntrix

193 1002 299 1067 timoris,
328 1001 416 1056 nutrix
444 1002 593 1068 devotionis,
622 1003 770 1075 productrix
803 1003 979 1075 lacrymarum.

194 1109 265 1172 Quid
276 1130 333 1166 sum
344 1112 398 1168 sine
410 1131 447 1180 ee,
457 1113 506 1168 nisi
522 1112 620 1168 undum
633 1113 738 1185 lignum,
750 1117 777 1169 et
789 1114 866 1186 stirps
882 1114 979 1170 inutilis

192 1225 225 1280 ed
236 1223 405 1297 ejiciendum?
431 1229 447 1257 “
454 1225 509 1282 'lire
520 1244 581 1298 ergo
592 1245 640 1295 me,
652 1227 775 1293 Dounon,
788 1227 871 1297 gretia
882 1243 981 1297 semper

191 1333 328 1404 praeveniet
340 1336 367 1389 et
378 1337 506 1404 sequetur,
519 1351 549 1388 ec
559 1333 631 1388 bonis
641 1332 758 1405 operibus
767 1332 866 1403 jugiter
876 1333 980 1402 prestet

191 1453 248 1493 esse
269 1437 404 1508 intentum,
424 1457 470 1510 per
492 1439 585 1494 Jnsurr
608 1439 762 1504 Onunsrun,
781 1437 872 1492 Filium
890 1437 978 1488 nuum.

192 1543 314 1600 mna„

480 1885 597 1940 CAPUT
625 1879 697 1936 LVI.

218 2059 293 2104 ouon
311 2061 363 2100 nos
380 2060 453 2100 meos
471 2055 624 2106 munerun,
642 2053 676 2092 nr
695 2046 835 2089 censorum
852 2045 962 2085 mrum

420 2151 550 2194 emenus
561 2149 615 2189 ren
632 2141 752 2187 cuocnn.

226 2273 251 2328 1.
264 2271 340 2338 “Fili
349 2267 600 2341 quantumcterdes
607 2257 980 2330 enire‚tentuminMepcteris

191 2378 306 2434 mansue.
342 2376 414 2432 Sicut
425 2369 488 2430 nitril
497 2368 559 2424 foris
571 2366 748 2438 concupiscere
758 2364 883 2420 internam
892 2382 979 2436 pacem

191 2484 263 2551 iecit,
280 2483 317 2540 sic
334 2499 362 2538 se
379 2475 485 2536 interius
501 2473 644 2545 relinquere
663 2473 724 2527 Deo
739 2470 878 2542 conjungit.
915 2470 980 2525 Volo

191 2608 219 2659 te
235 2602 362 2658 addiscere
380 2595 519 2668 perfectam
535 2593 727 2666 abnegationem
742 2591 782 2646 tui
801 2590 828 2645 in
848 2589 978 2645 voluntate

191 2707 253 2763 Meu
263 2707 316 2762 sine
327 2701 523 2758 contradictione
535 2704 561 2757 et
573 2699 681 2772 querele
718 2699 828 2769 Sequere
840 2697 884 2752 Me
894 2717 902 2763 ς
922 2697 978 2769 Epo

191 2829 242 2869 eum
251 2809 306 2875 Vra,
317 2811 422 2877 Veritas,
431 2812 456 2863 et
465 2807 546 2864 Vetas.
568 2804 677 2862 Sinoria
684 2803 802 2868 nouiter,
813 2803 866 2858 sinc
873 2802 980 2858 veritate

190 2937 242 2977 non
260 2919 428 2992 cognoscitur,
446 2918 500 2974 sine
515 2917 570 2973 vite
585 2933 638 2971 non
652 2915 754 2971 vivitur.
790 2913 847 2984 Epo
858 2930 909 2965 sum
923 2913 978 2976 Via,

189 3045 265 3100 quum
282 3026 354 3096 sequi
371 3024 463 3091 debes;
488 3024 594 3090 Veritas,
615 3021 657 3078 oui
673 3019 775 3076 credere
799 3017 889 3084 debee;
910 3017 979 3080 Vita,

238 3141 589 3192 ·onsnomrn.1epoe1³entee
731 3135 905 3176 decennes.
