2524 3844
272 443 287 488 8
522 437 570 488 Du
589 433 808 486 lMITATIONE

562 731 681 790 CAPUT
714 731 764 788 IV.

461 903 498 942 BR
515 902 675 942 raunuuru
691 902 723 940 ΙΝ
740 900 868 941 nauums.

305 1043 329 1097 l.
347 1042 410 1098 Non
420 1046 460 1098 est
471 1041 623 1098 eredendum
635 1042 704 1098 omni
714 1041 791 1098 verbo
802 1060 850 1098 nee
863 1041 1003 1107 instinctui,
1016 1045 1062 1097 sed

269 1151 343 1204 eante
358 1150 386 1203 et
400 1147 578 1220 longanimiter
592 1167 633 1203 res
648 1151 687 1203 est
701 1149 840 1204 seeundum
854 1149 942 1204 Duurr
955 1147 1062 1220 ponder-

269 1254 341 1310 anda
376 1255 447 1310 Proh
458 1255 543 1311 dolor!
563 1275 630 1327 saepe
646 1256 741 1310 mulum
758 1255 856 1311 facilius
874 1274 950 1328 quam
966 1255 1061 1311 bonum

268 1361 300 1416 de
312 1361 360 1416 alio
372 1360 484 1416 ereditur
494 1365 521 1417 et
533 1361 626 1417 dieitur
632 1384 640 1429 3
658 1362 696 1416 ita
708 1362 801 1417 infirmi
812 1380 908 1418 sumus.
945 1361 995 1417 Sed
1006 1379 1061 1432 per·

268 1467 330 1524 faeti
340 1467 390 1524 riri
399 1486 451 1523 non
462 1468 535 1523 facile
546 1467 653 1524 eredunt
664 1468 734 1524 omni
748 1467 883 1534 enarranti,
899 1467 960 1539 quia
976 1465 1061 1522 saiunt

268 1574 441 1631 infirmitatem
451 1575 587 1630 humanam
598 1574 632 1630 ad
642 1574 737 1630 maium
751 1575 889 1647 proclivem
900 1578 927 1631 et
938 1574 966 1630 in
976 1573 1060 1630 verbis

216 1713 217 1728 2
268 1679 331 1735 satis
342 1679 450 1737 labilem.

302 1789 326 1842 2.
345 1785 443 1859 Magna
454 1787 577 1859 sapientia
592 1792 696 1845 estnon
711 1807 767 1844 esse
778 1788 934 1861 praeeipitem
945 1788 974 1844 in
985 1807 1060 1860 agen-

267 1894 314 1960 dis,
324 1912 372 1950 nee
382 1895 546 1966 pertinaeiter
554 1895 583 1952 in
593 1897 701 1970 propriis
714 1900 782 1953 stare
794 1898 917 1953 sensibus.
942 1896 986 1952 Ad
996 1897 1061 1952 hane

267 2000 345 2055 etiam
351 2001 470 2071 pertinet,
482 2021 536 2056 non
546 2001 701 2073 quibuslibet
711 2003 843 2057 hominum
854 2001 938 2057 verbis
950 2001 1058 2067 eredere,

266 2123 313 2160 neu
325 2105 412 2160 audita
422 2105 463 2160 vel
480 2105 576 2161 eredita
592 2125 653 2162 mox
664 2106 697 2161 ad
713 2107 820 2161 aliorum
837 2124 911 2161 aures
923 2105 1059 2161 effundere.

267 2211 333 2266 Cum
356 2212 469 2282 sapiente
490 2215 516 2266 et
534 2212 690 2267 sententioso
707 2212 762 2266 viro
786 2210 918 2267 eonsilium
940 2210 1012 2276 habe,
1033 2213 1060 2266 et

267 2337 351 2392 quaere
361 2320 448 2391 potius
459 2338 476 2373 a
486 2319 588 2375 meliore
599 2319 699 2386 instrui,
713 2338 789 2391 quam
800 2324 858 2374 tuus
871 2318 1059 2374 adinventiones

267 2424 345 2496 sequi.
381 2425 454 2479 Bona
469 2424 524 2480 uita
540 2425 602 2481 facit
618 2425 746 2480 hominem
764 2423 904 2496 sapientem
921 2424 1059 2479 seeundum

267 2534 354 2589 Dnusr
366 2538 392 2588 et
403 2539 536 2605 expertum
547 2536 575 2592 in
585 2538 681 2594 multis.
711 2539 816 2598 Quanto
829 2541 885 2611 quis
897 2540 925 2595 in
935 2561 963 2596 se
978 2542 1059 2597 humi-

266 2644 314 2698 lior
325 2642 403 2699 fuerit
415 2647 442 2698 et
452 2645 514 2700 Duo
526 2644 670 2718 subjectior,
683 2650 756 2710 tanto
768 2648 795 2703 in
806 2646 923 2704 omnibus
934 2648 983 2704 erit
995 2648 1059 2719 sapi·

267 2749 350 2804 entior
361 2753 387 2806 et
399 2750 519 2821 pacatior.
