2528 3850
469 446 614 496 CHRISTI
632 446 728 496 lv.11.
946 449 993 498 289

204 589 232 640 ιἰι
248 584 387 639 elaritm
404 580 525 653 abyssnlis
542 581 654 638 Deitatis
672 582 869 653 transmit
885 583 993 652 gnome

204 689 318 746 Verbum
329 689 385 744 Dm
397 705 498 744 omem
506 687 610 754 iwtum,
623 687 690 744 siout
701 687 752 743 luit
764 685 797 743 ab
807 685 889 752 initio,
902 689 929 742 et
940 704 993 742 ma·

203 794 430 850 uetinaeteruoun
711 785 712 788 ’

240 899 263 952 3.
281 897 383 952 Memor
394 914 452 952 oum
464 896 615 952 aimborum
634 895 793 962 mirabilium,
805 913 883 968 gravo
893 895 955 952 mihi
963 895 994 954 fit

203 1004 307 1061 todimn
316 1004 392 1060 etiarn
401 1002 531 1076 quodlibet
542 1002 673 1074 spirituale
680 1002 798 1057 solatium
807 1022 815 1068 ς
833 1001 899 1073 quia,
908 1017 995 1072 quum·
1044 977 1045 980 Ἰ

203 1110 247 1165 diu
255 1110 397 1164 Dounion
407 1126 493 1176 meum
504 1111 591 1179 aperte
602 1107 630 1162 iu
641 1107 693 1162 Sua
704 1107 785 1179 gloria
794 1124 847 1162 uon
857 1106 938 1173 rideo,
946 1124 993 1178 pro

202 1215 281 1271 nihilo
304 1213 370 1270 duoo
390 1231 464 1269 ouiue
482 1211 550 1284 quod
566 1212 594 1267 iu
610 1211 706 1267 mundo
723 1212 850 1283 oonspieio
865 1214 892 1268 st
911 1210 993 1269 sudio.

202 1317 717 1388 TestisosibmibiDuus,quodnulla
734 1320 993 1389 resmepotostoon·

203 1423 286 1488 solari,
296 1421 993 1492 uulboreaturaquietnm,ubiTuDuusmsos,Qoem

203 1526 318 1584 desidero
329 1526 481 1583 eternaliter
493 1525 665 1596 oontemplni.
702 1525 752 1581 Sed
763 1543 815 1581 non
826 1529 866 1582 est
876 1525 925 1582 hoo
936 1545 993 1599 pos·

202 1633 282 1698 sibile,
295 1631 402 1688 durante
413 1650 453 1687 me
468 1631 496 1686 iu
512 1631 560 1686 hoo
576 1630 738 1686 mortalitate.
773 1629 837 1686 Ideo
848 1633 949 1702 oportet
960 1635 991 1688 ut

201 1757 242 1796 me
254 1757 345 1810 ponam
356 1738 389 1795 ad
399 1755 516 1810 magnam
526 1737 683 1809 patientiam,
694 1747 721 1793 et
732 1755 772 1792 me
783 1736 867 1808 ipsum
877 1737 906 1793 in
917 1740 986 1796 omni

202 1847 325 1904 desiderio
333 1847 391 1903 Tibi
399 1846 555 1903 submittam.
590 1845 659 1900 Nam
668 1848 694 1900 et
704 1844 789 1899 Sancti
800 1845 856 1910 Tui,
865 1845 990 1911 Dorum,

201 1955 245 2026 qui
252 1955 346 2011 'i'eoum
354 1953 443 2026 jamin
453 1969 532 2025 regno
541 1951 661 2008 ooelorum
673 1950 797 2017 exultant,
810 1951 838 2006 in
848 1950 898 2006 fide
910 1954 936 2006 et
948 1969 990 2022 pa-

200 2058 291 2114 tientia
301 2076 399 2131 magna,
411 2057 472 2112 dum
482 2056 605 2122 viverent,
618 2055 756 2111 advenum
772 2055 858 2127 glorios
870 2055 931 2111 iba
948 2074 990 2112 ex·

199 2163 342 2234 peotabaut.
378 2162 456 2223 Quod
466 2161 503 2218 illi
514 2161 682 2226 erediderunt,
695 2177 743 2232 ego
755 2160 848 2228 ored03
866 2160 935 2232 quod
951 2161 989 2218 illi

200 2273 371 2340 speraverunt,
389 2287 439 2340 ego
456 2285 530 2339 spero
539 2289 547 2334 ;
565 2285 616 2338 quo
627 2265 664 2320 illi
681 2269 857 2336 pervenerunt,
871 2284 917 2338 per
933 2284 989 2338 gra·

199 2374 262 2430 tiam
278 2373 359 2428 Tuam
374 2389 416 2426 ms
433 2374 570 2427 venturum
586 2369 692 2424 confido.
726 2368 868 2424 Ambulsbo
888 2369 989 2428 iuterim

198 2481 226 2538 iu
236 2482 293 2547 fide,
303 2480 424 2551 exemplis
433 2479 590 2534 confortatus
600 2479 757 2534 Sanctorum.
793 2477 901 2534 Habebo
910 2479 987 2534 etiam

78 2609 88 2617 ·
198 2583 276 2643 libros
293 2588 394 2642 sanotos
411 2602 458 2656 pro
476 2583 566 2639 solatio
582 2586 608 2639 et
625 2583 685 2638 vita
696 2582 805 2654 speculo,
819 2585 894 2654 atque
912 2601 989 2654 super

199 2694 252 2748 bno
264 2692 347 2747 omnia
355 2690 542 2746 sanctissimum
554 2689 653 2760 Corpus
664 2689 748 2745 Tuum
758 2707 805 2760 pro
817 2688 938 2760 singulari
950 2706 988 2744 ro·

198 2797 281 2852 medio
292 2805 319 2851 et
330 2797 437 2867 refugio.

233 2907 257 2958 4.
275 2903 335 2958 Duo
347 2918 455 2972 namque
470 2899 532 2956 mihi
548 2902 689 2955 neeessaria
703 2897 855 2970 permaxime
867 2896 949 2953 sentio
958 2898 986 2954 in

198 3011 245 3064 hae
256 3010 316 3074 vita,
330 3009 383 3063 sine
392 3006 484 3078 quibus
496 3006 558 3060 mibi
566 3005 731 3076 importabilis
743 3005 810 3060 foret
825 3003 876 3058 ista
886 2995 989 3057 inisero-

505 3132 516 3154 n
529 3124 592 3162 soor.
603 3124 633 3162 ιιι
643 3123 675 3163 ro.
