2546 3842
283 446 330 493 104
534 447 583 497 DE
601 448 820 500 IMITATIONE

280 585 412 643 ineffabilis
431 585 537 644 duloedc
556 589 773 662 contemplationis
790 591 859 659 Tuae,
881 610 957 664 quam
972 593 1072 666 largiris

282 693 423 750 amantibus
436 697 481 751 Te.
517 696 610 752 Inhoc
629 697 738 753 maxime
757 699 891 756 ostendisti
909 700 971 756 mihi
990 701 1071 758 dulce·

282 797 366 855 dinem
378 800 491 856 caritatis
500 803 568 867 uuae,
582 795 649 872 quin,
662 821 720 858 cum
731 822 782 858 non
790 823 878 872 essem,
886 806 970 862 fecisti
978 824 1026 873 me,
1036 812 1071 876 et,

281 925 339 962 enm
355 925 464 962 errarem
475 906 550 982 longe
562 927 577 964 a
588 909 632 975 Te,
647 909 772 967 reduxisti
783 930 824 968 me
840 916 871 968 nt
887 913 1007 969 servirem
1015 913 1069 979 tibi,

281 1015 308 1068 et
319 1014 461 1086 praecepisti
471 1019 502 1070 ut
513 1015 616 1088 diligam
627 1017 671 1073 Te.

317 1126 340 1178 2.
359 1124 383 1179 Ο
400 1124 458 1180 fons
476 1119 566 1180 amoris
578 1125 702 1197 perpetui,
715 1125 776 1197 quid
787 1125 868 1182 dicam
880 1127 912 1182 de
922 1128 980 1184 Te?
1004 1128 1073 1187 Qun

281 1229 356 1285 modo
367 1232 456 1301 potero
465 1231 514 1286 'liri
525 1229 645 1297 oblivisci,
655 1231 707 1291 Qui
718 1231 769 1286 mei
777 1231 896 1304 dignatrs
904 1253 930 1290 es
939 1235 1072 1304 recordari,

282 1335 359 1390 etiam
370 1338 503 1408 postquam
517 1336 636 1393 contabui
647 1341 673 1392 et
685 1337 768 1409 periit
784 1340 880 1398 Fecisti
895 1343 964 1398 ultre
975 1362 1073 1401 omnem

283 1462 353 1516 spem
364 1441 570 1501 misericordiam
579 1465 637 1502 cum
653 1465 725 1504 servo
740 1449 802 1515 Tuo,
816 1447 922 1506 et'ultre
933 1469 1007 1508 omne
1023 1469 1074 1507 me-

281 1552 361 1607 ritum
372 1552 480 1624 gratiam
492 1557 518 1609 et
530 1549 666 1610 amicitiam
674 1547 821 1612 exhibuisti.
832 1553 834 1558 ’
859 1557 930 1618 Quid
936 1557 1074 1614 retribuam

282 1659 339 1715 Tibi
356 1677 403 1731 pro
415 1660 499 1732 gratia
509 1661 579 1718 ista?
596 1662 659 1718 Non
670 1663 737 1719 enim
749 1663 865 1720 omnibus
878 1663 966 1720 datum
980 1669 1027 1732 est,
1044 1669 1074 1722 ut

282 1741 399 1823 omnibus
407 1766 528 1824 abdicatis
536 1768 628 1824 saeculo
635 1769 790 1836 rennncient‚
795 1775 822 1826 et
828 1771 1075 1828 monasticemvitem

283 1878 420 1930 assumant.
450 1874 584 1947 Numquid
594 1894 715 1948 magnum
724 1879 771 1942 est,
784 1880 815 1931 ut
825 1876 883 1932 iibi
897 1877 1011 1944 serviam,
1026 1879 1075 1934 cui

283 1982 365 2038 omnis
382 1984 499 2038 creatum
522 1982 616 2039 servire
639 1983 763 2038 tenetur?
798 1981 860 2038 Non
876 2001 997 2056 magnum
1012 1984 1075 2040 mihi

285 2088 366 2146 rideri
375 2088 457 2156 debet,
466 2089 560 2146 servire
568 2089 636 2156 Tibi;
647 2088 693 2144 sed
700 2088 842 2160 hccpotius
850 2091 1040 2162 magnummihi
1047 2095 1074 2147 et

283 2195 425 2252 mirandum
448 2199 559 2268 apparet,
584 2194 653 2268 quod
672 2199 726 2252 tam
743 2213 879 2268 pauperem
897 2199 924 2252 et
941 2196 1074 2269 indignum

284 2301 538 2374 dignariainservum
546 2297 1074 2375 recipereetdilectiaseraisiirisadunare.

314 2409 338 2462 3.
350 2407 418 2463 Ecce
426 2407 646 2498 omniaTunsunt,
656 2408 977 2500 quaehebeo‚etundeTibi
985 2411 1074 2466 servio.
1134 2447 1136 2453 ,

284 2518 467 2574 Verumtamen
483 2518 539 2574 vice
555 2537 636 2585 versa,
655 2519 695 2573 Tu
711 2517 792 2590 magis
813 2517 876 2573 mihi
892 2501 981 2584 'servis
1001 2537 1076 2590 quam

284 2644 332 2698 ego
355 2627 419 2683 'libi
455 2627 522 2682 Ecce
539 2627 630 2684 coelum
647 2631 674 2683 et
696 2630 772 2692 terre,
791 2645 848 2698 que
864 2627 892 2681 in
908 2626 1076 2682 ministerium

284 2735 510 2800 hominis'creasti,
528 2737 621 2805 praesto
639 2737 707 2800 sunt,
724 2738 751 2789 et
767 2733 864 2789 faciunt
882 2732 995 2804 qnotidie
1012 2752 1077 2804 qnae-

285 2861 384 2914 cunque
396 2842 529 2898 mandasti.
564 2843 600 2897 Et
614 2843 663 2898 hoc
680 2861 770 2914 parum
787 2845 842 2912 est;
858 2842 1011 2914 quinetiam
1026 2843 1077 2896 An·

285 2952 356 3026 gelos
376 2953 404 3009 in
423 2953 591 3009 ministerium
613 2952 722 3008 hominis
746 2953 876 3010 ordinasti.
912 2953 1077 3010 iiamcendit

286 3063 373 3118 autem
380 3061 435 3118 haec
447 3061 537 3127 omnia,
548 3060 617 3133 quod
625 3062 665 3116 Tu
676 3061 737 3134 Ipse
747 3060 844 3117 homini
852 3061 947 3118 servire
959 3061 1078 3134 dignatus

286 3193 322 3244 es,
335 3177 362 3232 et
373 3174 410 3232 Te
421 3173 512 3250 ipsum
523 3173 643 3230 nauum
655 3173 679 3230 ei
689 3173 836 3247 promisisti
