2546 3842
641 302 1064 310 w---w

287 453 332 500 128
541 449 589 498 DE
610 447 825 497 IMITATIONE

285 585 445 660 regratiando
457 585 576 640 humilior
588 589 628 641 est
640 589 716 656 atque
729 583 842 639 devotior
852 602 859 648 ;
878 585 904 638 et
912 582 1079 653 quiomnibus

285 693 398 747 viliorem
416 711 443 747 se
460 691 596 760 existimat,
614 695 640 745 et
657 690 824 762 indigniorem
839 707 866 744 se
878 687 983 760 judicat,
997 687 1080 759 aptior

284 800 324 852 est
336 796 370 852 ad
380 795 541 869 percipienda
557 795 660 867 majora

320 905 344 957 3.
364 902 418 963 Qui
429 905 515 956 autem
526 901 645 973 pauciora
656 899 760 971 accepit,
774 899 920 954 contristari
930 917 983 954 non
993 898 1077 963 debet,

285 1026 331 1062 nec
338 1006 662 1080 indignanterferremeque
667 1005 753 1060 ditiori
761 1004 887 1070 invidere;
899 1003 985 1060 sedTe
992 1003 1078 1074 potius

285 1112 423 1178 attendere,
434 1115 461 1167 et
473 1114 553 1166 Tuam
561 1111 702 1167 bonitatem
710 1110 818 1165 maxine
827 1109 937 1175 laudare,
948 1108 1016 1181 quod
1024 1112 1078 1164 tam

286 1219 422 1283 affluenter,
431 1221 485 1272 tam
496 1217 576 1290 gratia
588 1220 615 1272 et
626 1215 741 1285 libenter,
750 1215 805 1271 sine
817 1234 980 1287 personarum
992 1233 1077 1286 accep-

286 1325 354 1378 tione
373 1324 428 1377 Tua
444 1341 549 1377 munera
565 1321 673 1394 largiris.
710 1321 802 1394 Omnia
816 1339 848 1376 ex
864 1322 914 1386 Ἕω
939 1324 966 1376 et
979 1319 1037 1376 ideo
1051 1320 1078 1374 in

285 1427 402 1482 omnibus
419 1446 447 1482 cs
463 1426 612 1482 laudandus.
648 1427 688 1482 Tu
702 1426 751 1482 scis
764 1427 825 1498 quid
838 1425 974 1497 unicuique
990 1425 1078 1481 donari

285 1533 417 1604 expediat;
436 1535 463 1587 et
475 1550 520 1587 cun
531 1533 581 1587 isto
592 1532 684 1598 minus,
698 1535 724 1586 et
735 1532 778 1587 ille
790 1531 896 1603 amplius
908 1531 1007 1605 habeat,
1025 1549 1077 1586 non

286 1641 408 1702 nostrum,
422 1637 467 1692 sed
478 1639 561 1692 Tuum
573 1641 613 1693 est
624 1639 673 1693 hoc
690 1638 838 1703 discernere,
851 1637 919 1709 apud
936 1639 1016 1704 Quem
1028 1638 1077 1692 sin-

285 1743 403 1814 gulorum
416 1742 519 1799 definita
531 1747 592 1798 sunt
603 1743 701 1797 merita.

320 1852 344 1903 4.
363 1847 447 1914 Unde,
466 1848 581 1903 Donnes
599 1849 685 1913 Dans,
704 1866 750 1919 pro
771 1867 863 1920 magno
886 1848 963 1903 etiam
986 1852 1076 1919 reputo

285 1953 413 2019 beneficio,
426 1971 478 2008 non
489 1952 570 2008 multa
580 1952 680 2018 habere,
693 1952 761 2008 unde
773 1953 885 2009 exterius
897 1957 923 2008 et
938 1952 1077 2008 secundum

285 2059 398 2113 homines
410 2058 465 2113 laus
477 2061 504 2113 ct
515 2058 596 2130 gloria
607 2061 737 2129 appareat:
756 2058 832 2114 itaut
842 2059 905 2130 quis,
919 2057 1077 2114 considerata

284 2167 433 2234 paupertate
451 2166 477 2218 ct
495 2162 593 2218 vilitate
611 2182 725 2235 personae
743 2183 802 2232 suae,
821 2182 873 2219 non
890 2163 964 2220 modo
982 2163 1076 2218 nullam

284 2268 434 2339 gravitatem
445 2271 490 2322 aut
501 2268 634 2324 tristitiam
642 2268 683 2324 vel
695 2269 861 2339 dejectionem
872 2268 931 2324 inde
943 2269 1074 2340 concipiat,

284 2372 328 2426 sed
344 2373 430 2443 potius
446 2373 642 2430 consolationem
657 2378 683 2430 et
697 2375 850 2432 hilaritatem
867 2394 1001 2448 magnam
1017 2375 1076 2446 quia

283 2478 330 2542 Tu,
343 2479 429 2544 Dnus,
441 2497 564 2550 pauperes
577 2483 603 2535 et
618 2480 734 2548 humiles,
753 2485 829 2554 atque
844 2482 913 2538 hunc
928 2481 1022 2537 mundo
1034 2481 1075 2536 dc-

284 2587 391 2654 spectos,
404 2584 462 2640 libi
470 2583 604 2658 elegistiin
612 2586 746 2642 familiares
753 2591 781 2643 et
792 2587 951 2644 domesticos.
986 2589 1075 2642 Testes

283 2690 344 2742 sunt
352 2687 402 2758 ipsi
408 2688 526 2760 Apostoli
536 2689 592 2755 Tui,
603 2708 666 2760 quos
673 2694 799 2762 pampica
806 2712 878 2763 saper
886 2712 974 2748 omnem
986 2699 1075 2747 terram

283 2795 450 2848 coratitacieti‘.
486 2793 602 2848 Fuemnt
618 2797 704 2850 tamen
716 2797 770 2852 sine
782 2798 883 2869 querela
896 2799 1037 2856 conversati
1048 2798 1075 2852 in

282 2897 377 2953 mundo
394 2902 448 2954 ta'm
465 2899 572 2954 humiles
591 2903 618 2956 et
634 2901 767 2973 simplices,
780 2903 835 2958 sine
853 2904 921 2959 omni
937 2904 1033 2959 malitia
1048 2909 1074 2959 et

282 3001 347 3069 dolo,
364 3008 394 3059 ut
415 3004 489 3059 otiam
509 3008 568 3076 pati
589 3010 745 3062 coniunctius
760 3011 898 3078 panderent
912 3030 961 3080 pro
981 3012 1075 3065 nemim

549 3171 555 3193 ¹
564 3171 598 3210 Pa
608 3171 658 3212 xliv.
668 3172 699 3215 lt.
709 3173 759 3212 lxlv.
769 3174 808 3212 16.ἱ

1129 291 1230 368 Γ.
