2528 3850
282 453 329 498 220
530 446 578 496 DE
602 443 819 494 IMITATIONE

282 581 430 656 ceptionem,
449 599 490 638 me
514 600 641 648 renovem,
666 580 793 648 mundam,
816 583 843 635 et
863 577 998 635 accendam
1010 598 1018 644 ;
1041 597 1075 633 ne

283 690 357 759 forte,
375 687 472 744 diutius
489 687 646 757 abstinendo,
662 707 678 743 a
696 691 784 743 sancto
804 687 935 758 proposito
956 685 1074 743 defluam.

284 797 365 849 Proui
388 794 455 850 cuim
482 799 540 849 aunt
562 811 644 849 scaeua
666 795 771 849 teniat
793 797 830 849 cd
850 797 939 849 malum
962 797 993 849 ab
1017 796 1077 849 cdo·

283 903 397 955 tacentia
408 915 467 954 rua·
474 922 486 964 ;
505 903 531 955 et
548 899 599 955 nisi
616 903 747 956 succurrat
763 899 848 955 divina
864 899 995 965 medicina,
1013 899 1076 954 labi·

282 1008 327 1060 tur
337 1003 413 1059 homo
425 1022 486 1060 mox
501 1004 534 1060 ad
548 1005 641 1076 pejora.
677 1005 797 1060 Retrahit
813 1023 874 1078 ergo
891 1008 979 1060 sancta
995 1005 1073 1060 Gom-

283 1110 371 1164 muuio
391 1128 406 1164 a
426 1110 499 1175 malo,
517 1113 543 1165 et
564 1109 691 1165 confortat
709 1111 737 1164 in
753 1109 827 1165 bono.
865 1111 979 1167 sienim
999 1109 1077 1164 modo

284 1217 338 1269 tam
351 1233 417 1284 sape
429 1214 560 1286 negligens
572 1232 629 1269 sum
645 1217 672 1269 et
683 1213 793 1285 tepidus,
807 1199 907 1286 quando
919 1214 1078 1270 communico

285 1321 330 1373 aut
349 1318 464 1385 celebro;
482 1319 541 1390 quid
560 1319 640 1384 fieret,
654 1319 677 1372 si
688 1316 810 1372 medelum
827 1337 879 1373 non
903 1337 1037 1385 sumerem,
1050 1325 1079 1375 et

285 1427 339 1479 tam
350 1422 444 1496 grande
454 1423 574 1495 juvamen
585 1441 637 1478 non
648 1425 807 1495 quaererem?
825 1423 861 1478 Et
872 1424 933 1480 licat
951 1425 1021 1480 omni
1037 1425 1079 1480 die

284 1547 337 1584 uon
348 1529 396 1584 aim
409 1533 483 1600 aptus
494 1547 542 1584 uec
554 1529 586 1584 ad
598 1528 845 1586 celebrandumbene
857 1530 1003 1602 dispositus,
1014 1531 1080 1586 dabo

285 1640 372 1691 tamen
395 1654 498 1707 operam
518 1636 637 1708 congruis
660 1636 817 1708 temporibus
841 1638 927 1693 divina
950 1639 1081 1710 percipere

285 1741 412 1812 mysteria,
426 1759 454 1796 ac
461 1744 540 1796 tantae
549 1741 638 1810 gratiae
645 1742 793 1812 participem
803 1761 843 1798 mc
850 1743 969 1814 praebere.
1011 1745 1081 1801 Nam

285 1846 340 1902 haec
354 1849 394 1902 cst
404 1865 456 1901 una
464 1844 697 1918 principalisfidelis
707 1847 795 1904 anima
805 1849 951 1915 consolatio,
960 1849 1082 1921 quamdiu

286 1952 463 2024 peregrinatur
475 1970 491 2006 a
502 1952 538 2007 Te
549 1951 577 2006 in
588 1952 689 2007 mortali
702 1971 814 2024 corpore,
826 1958 866 2020 ut,
880 1956 971 2027 sapius
986 1975 1083 2012 memor

286 2058 343 2112 Dm
355 2057 402 2123 sui,
415 2058 544 2113 Dilectum
557 2076 632 2112 suum
644 2057 736 2112 devota
747 2060 869 2131 suscipiat
880 2065 973 2118 mente.

315 2166 340 2218 4.
353 2163 376 2217 Ο
388 2163 452 2217 mira
469 2163 536 2218 circa
550 2181 596 2216 nos
610 2162 671 2218 Tua
688 2163 791 2234 pietatis
806 2165 940 2237 dimetior,
953 2167 1023 2239 quod
1033 2169 1081 2234 Tu,

287 2269 401 2322 Douma
412 2268 497 2334 Dauo,
508 2267 615 2322 Creator
624 2271 650 2324 et
660 2269 808 2325 Vivificator
817 2273 929 2328 omnium
938 2274 1082 2344 spirituum,

290 2370 323 2426 ad
343 2373 522 2444 pauperculam
543 2373 654 2445 dignaris
670 2374 756 2431 venire
775 2377 890 2444 animam,
910 2382 936 2434 et
954 2397 1011 2435 cum
1028 2384 1086 2436 tota

289 2478 424 2533 divinitate
435 2479 490 2533 Tua
502 2497 531 2534 ac
548 2480 707 2536 humanitate
722 2482 776 2554 ejus
788 2483 946 2556 impinguare
958 2485 1083 2542 esuriem!

291 2585 314 2638 Ο
328 2583 390 2638 felin
401 2601 472 2637 mens
485 2587 511 2638 et
523 2584 598 2639 beata
610 2586 699 2654 anima,
717 2607 773 2659 quae
789 2589 825 2644 Te
841 2590 983 2646 Domuum
997 2593 1086 2648 Duum

292 2707 367 2744 suum
383 2690 496 2742 meretur
514 2687 604 2744 devote
621 2692 756 2764 suscipere,
774 2698 800 2750 et
814 2696 843 2750 in
859 2697 909 2752 Tui
924 2698 1086 2770 susceptione

293 2793 419 2866 spirituali
441 2792 533 2864 gaudio
556 2796 662 2866 repleri!
689 2799 713 2854 0
737 2818 813 2871 quam
835 2821 955 2874 magnum
978 2808 1087 2879 suscipit

227 2941 230 2955 .
293 2901 442 2964 Dommuu,
456 2916 531 2969 quam
548 2897 668 2956 dilectum
684 2903 782 2961 inducit
800 2907 943 2980 Hospitem,
957 2929 1032 2982 quam
1045 2913 1090 2984 ju-

294 3007 406 3064 cundum
414 3005 504 3076 recipit
517 3005 625 3073 Sooium,
638 3026 714 3079 quam
725 3011 823 3068 fidelem
835 3020 949 3088 acceptat
961 3019 1088 3084 Amicum,

228 3189 229 3194 Ἰ
320 3129 386 3168 *Gen
394 3127 437 3168 vili.
447 3127 478 3168 al.
591 3131 599 3158 t
607 3131 640 3170 Ex
648 3135 710 3172 cantu
718 3135 795 3175 savara
804 3137 846 3184 ma,
857 3139 880 3177 in
889 3139 977 3180 memte
985 3141 1064 3181 Sancto.
