2546 3842
312 457 358 504 164
560 453 608 502 DE
627 451 843 502 IMITATIONE

577 733 695 791 CAPUT
725 733 828 790 XLIII.

398 883 505 924 coum
516 883 613 923 vam
622 883 656 922 ET
668 882 839 922 sncunmn
851 881 1009 923 ΕΟΙΕΝἩΔΗ.

344 1016 368 1068 1.
388 1015 403 1044 “
410 1012 468 1079 Fili,
477 1031 529 1069 non
539 1016 567 1070 te
578 1016 696 1070 moveant
707 1013 814 1086 pulchra
822 1017 849 1070 et
856 1012 960 1070 subtilia
969 1013 1102 1071 hominnm

308 1119 387 1175 diota.
420 1121 479 1174 Noa
495 1121 559 1176 anim
574 1123 612 1175 est
631 1138 730 1192 repam»
745 1119 802 1175 Dn1
819 1123 847 1175 ia
863 1128 995 1184 armonem,
1014 1121 1058 1176 red
1073 1122 1102 1175 a'a

308 1239 408 1292 virtute.
443 1236 558 1292 Attende
575 1236 653 1293 verba
666 1237 736 1303 Mea,
747 1255 804 1308 qna
821 1235 898 1292 eorda
915 1235 1056 1292 aooendnnt
1072 1241 1100 1292 et

308 1344 406 1432 mentes
417 1341 566 1409 illuminant,
583 1342 707 1398 inducunt
724 1343 942 1414 compunctionem
959 1344 986 1398 et
1005 1341 1100 1399 nariam

308 1435 427 1518 ingernnt
438 1446 642 1503 consolationem.
659 1446 799 1520 Nnnqnam
812 1446 977 1520 adhoelegaa
985 1446 1098 1512 verbnm,

307 1554 338 1605 nt
350 1550 449 1607 doctior
460 1554 505 1608 ant
516 1551 653 1624 sapientior
664 1552 746 1624 possis
757 1552 852 1618 videri;
869 1551 915 1608 sed
926 1551 1001 1608 stude
1012 1551 1099 1609 morti·

307 1660 419 1736 ficationi
429 1659 557 1726 vitiorum,
570 1660 630 1732 qnia
639 1661 689 1716 hoo
704 1661 812 1733 amplius
826 1660 875 1716 tini
890 1659 1010 1733 proderit,
1023 1678 1099 1734 qnam

306 1766 400 1821 notitia
411 1765 550 1821 multarum
561 1765 699 1821 diffiniinm
710 1764 885 1837 questionum.

342 1874 367 1926 2.
376 1873 394 1902 '‘
401 1870 467 1926 Onrn
475 1869 556 1926 muita
563 1869 655 1942 legeris
663 1873 690 1927 et
697 1870 852 1943 eugenetis,
863 1869 896 1927 ad
906 1889 986 1926 unum
998 1889 1098 1944 semper

307 1980 410 2048 oportet
423 1977 505 2033 redire
518 1975 677 2049 prinoipium.
708 1977 766 2049 Ego
777 1995 835 2032 snm
843 1978 892 2038 oua·
904 1978 974 2032 doceo
983 1979 1098 2033 homiaem

306 2086 454 2151 ratatm',
474 2087 501 2140 et
521 2083 652 2140 clariorem
667 2083 861 2156 intelligentiam
880 2083 992 2156 parvulis
1012 2083 1098 2150 intuo

306 2209 383 2263 quam
399 2191 430 2246 ab
446 2191 547 2248 homino
562 2190 645 2262 possit
660 2188 752 2246 dooeri.
788 2189 838 2245 (ini
854 2189 912 2261 Ego
927 2189 1025 2262 loquor,
1045 2190 1097 2246 oito

306 2297 407 2367 sapiens
418 2296 474 2362 erit,
488 2299 515 2352 et
525 2296 635 2352 multum
645 2294 773 2366 inspiritn
782 2294 906 2366 profioiet.
929 2295 977 2350 Vae
988 2295 1038 2351 iilia
1053 2296 1098 2368 qui

305 2400 387 2456 multa
409 2402 509 2458 onriosa
525 2401 557 2457 ab
574 2400 718 2458 hominibus
735 2400 881 2471 inquirunts
891 2403 918 2456 et
933 2399 965 2456 de
975 2401 1018 2456 via
1028 2401 1098 2456 Mihi

305 2506 431 2561 serviendi
459 2525 549 2578 parum
578 2509 676 2562 onrant.
728 2506 824 2561 Veniet
852 2508 963 2578 tompus,
994 2505 1095 2577 qnando

305 2611 437 2682 apparebit
459 2611 587 2682 Magister
603 2612 785 2682 magistrorum
802 2609 949 2677 Onnranns,
968 2609 1095 2665 Dominus

305 2715 458 2788 angelornm,
488 2717 637 2770 cunctorum
666 2714 799 2770 auditurus
818 2714 948 2781 leotiones,
976 2715 1026 2770 hoo
1046 2718 1094 2780 est,

303 2818 461 2891 singulorum
481 2818 671 2874 examinatunrs
690 2819 863 2875 conscientias.
898 2819 935 2874 nt
947 2822 1011 2874 tuno
1028 2837 1096 2874 raru-

303 2927 399 2980 tabitar
426 2927 566 2982 Iar-aratam
594 2927 624 2980 ta
653 2928 778 2994 laceratis
802 2929 828 2981 et
850 2925 985 2980 manifesta
1019 2928 1095 2980 erunt

399 3089 415 3109 ¹·
427 3082 492 3122 1001.
502 3081 529 3122 iv.
539 3080 569 3121 20.
752 3087 762 3107 ¹¹
772 3081 805 3119 Pa
815 3081 873 3121 xoiii.
883 3080 952 3128 (miv.)
963 3078 993 3118 10.

575 3143 655 3193 osopo.
666 3142 746 3192 (zeph.)
756 3143 769 3182 i.
780 3143 810 3182 12.
