2528 3850
465 463 609 514 CHRISTI
629 463 673 513 1v.
687 465 708 512 1.
929 468 973 514 211

185 594 235 667 geli
259 598 285 650 et
308 594 468 667 Archangeli,
491 601 611 653 metuunt
635 597 720 652 Senoti
739 599 765 652 et
787 596 868 667 justi:
887 599 913 652 et
937 598 976 653 Tu

184 699 254 767 dieis,
269 701 355 754 Venite
365 703 402 756 ad
410 704 454 756 Me
471 707 569 758 omnes!
602 702 662 758 Nisi
679 703 726 758 To
739 702 863 766 Domni,
876 701 925 757 hoo
941 702 976 758 di-

184 824 261 871 ceres,
280 805 337 875 quis
355 825 443 862 verum
461 825 516 864 esse
534 808 669 872 erederet?
694 808 730 864 Et
741 809 791 863 nisi
808 809 848 863 Tu
863 806 974 879 juberes,

183 913 240 984 quis
252 913 371 970 nooedere
382 915 540 970 attentaret?

217 1027 242 1079 5.
260 1025 336 1091 Eece,
360 1025 443 1090 Νοὸῑ,
461 1023 501 1078 vir
515 1023 609 1095 justus,
626 1025 654 1078 in
672 1041 735 1078 aroae
758 1024 854 1080 iebrioo
874 1030 976 1082 eentum

183 1130 255 1185 annis
278 1129 411 1196 laboravit,
434 1133 466 1185 nt
490 1148 548 1185 oum
576 1130 664 1201 paucis
688 1130 844 1186 salvaretur:
875 1135 902 1188 et
926 1151 975 1206 ego

183 1235 308 1306 quomodo
318 1254 360 1290 me
377 1238 466 1306 potero
477 1253 529 1289 nne
543 1235 606 1288 horo
624 1252 772 1306 praepsrere,
785 1238 816 1291 ut
827 1237 916 1293 mundi
927 1238 975 1292 sa-

182 1340 333 1396 b1ioetorem
351 1357 409 1396 oum
426 1339 567 1395 reverentie
583 1341 700 1396 sumam?
718 1340 847 1413 Moysesh,
865 1343 974 1399 famulus

183 1447 253 1501 Tuus
264 1463 371 1517 mugnus
383 1449 410 1501 et
423 1445 537 1516 specialis
554 1446 649 1500 amiens
662 1447 739 1514 Tuus,
752 1463 836 1502 ersom
847 1465 880 1502 ex
897 1449 974 1520 lignis

181 1550 378 1622 imputribilibus
390 1551 458 1616 feeit,
472 1569 547 1622 quem
559 1554 585 1606 et
601 1550 767 1607 mundissimo
783 1553 887 1607 vestivit
904 1571 973 1620 euro,

181 1659 211 1710 ut
223 1654 322 1711 tebulns
334 1656 412 1728 Legis
424 1657 451 1711 in
462 1675 494 1711 ea
503 1660 654 1728 reponeret:
674 1661 700 1713 et
712 1675 767 1730 ego,
784 1658 889 1729 putride
906 1678 972 1716 orea-

181 1765 247 1831 ture,
264 1760 361 1817 audebo
373 1763 409 1816 Te
421 1760 577 1817 eonditorem
588 1761 666 1832 Legis
679 1779 709 1817 oo
720 1763 780 1818 vite
796 1762 909 1820 datorem
921 1768 974 1821 tam

181 1867 254 1923 feoile
261 1866 405 1938 suscipere?
425 1866 556 1932 Salomon,
567 1866 768 1937 sapientissimus
781 1885 870 1940 regom
882 1869 972 1936 Isroil,

180 1973 304 2044 templum
320 1971 481 2043 magnifieum
499 1974 597 2042 septem
614 1970 685 2026 annis
703 1971 731 2025 in
748 1970 847 2026 laudem
865 1974 973 2030 nominis

181 2079 230 2132 rui
247 2076 387 2144 aedifieovit,
400 2079 427 2131 et
438 2078 496 2131 ooto
514 2074 602 2130 diebus
620 2075 715 2131 festum
735 2075 900 2132 dedicationis
918 2080 972 2150 ejus

181 2183 335 2248 celebravit3
358 2181 426 2236 mille
450 2180 547 2234 hostias
576 2181 693 2252 pacifices
717 2182 817 2248 obtulit,
840 2187 866 2239 et
890 2203 972 2240 ercam

180 2288 281 2343 foederis
292 2287 320 2342 in
331 2286 448 2357 olnngore
459 2284 572 2340 buocinae
584 2287 611 2339 et
619 2285 701 2355 jubilo
712 2285 835 2342 inlocum
846 2288 894 2344 sibi
910 2308 973 2362 pree·

180 2396 297 2464 peretum
308 2390 445 2446 solenniter
457 2389 588 2445 oollooavit
600 2413 606 2444 :
625 2393 652 2445 et
664 2408 720 2462 ego,
728 2391 816 2447 infelix
828 2396 854 2448 et
866 2413 971 2466 pauper-

180 2499 258 2552 rimus
278 2496 416 2560 hominum,
436 2493 560 2564 quomodo
577 2494 614 2550 Te
630 2495 659 2549 in
675 2493 777 2550 domum
794 2516 875 2560 meam
893 2501 971 2557 intro.
1016 2529 1018 2560 ᾗ

180 2604 278 2668 ducam,
291 2601 335 2673 qui
351 2601 395 2656 vix
408 2599 515 2655 mediam
536 2601 675 2672 expendero
687 2601 777 2658 devote
791 2605 851 2660 novi
862 2606 971 2665 horam?

180 2712 206 2764 ot
214 2709 313 2763 utinam
321 2707 361 2763 vel
370 2705 447 2762 semel
459 2705 533 2777 digne
542 2707 595 2761 fere
606 2705 712 2761 medinm
723 2708 728 2762 !

216 2816 239 2869 6.
259 2814 282 2869 O
294 2813 329 2868 mi
340 2813 426 2877 Deos,
439 2818 561 2882 quantum
572 2811 609 2866 illi
620 2811 653 2867 od
663 2813 812 2884 placendum
823 2815 881 2871 Tibi
896 2833 970 2887 ogere

180 2919 333 2976 studuerunt
344 2919 349 2972 !
359 2918 438 2983 fleu,
452 2935 525 2988 quam
535 2917 655 2988 pusillum
666 2921 705 2972 est
718 2917 787 2990 qnod
798 2937 846 2990 ago
857 2920 862 2974 !
883 2920 969 2980 Quem

279 3087 287 3114 ι
301 3080 350 3117 Gon.
361 3078 387 3116 vi.
397 3077 420 3116 13
430 3088 459 3124 sq.
671 3075 681 3102 h
695 3077 734 3117 Ex.
744 3086 794 3115 xxv.
805 3077 829 3116 1⁰
840 3087 870 3125 sq.

383 3137 648 3186 ¹sReg.‹1Rep)vn88;
661 3136 765 3184 rnileq.

134 3305 1011 3342 “gt-‚mm

123 3329 131 3359 ι
365 3336 981 3350 -Μ,
