2546 3842
416 434 561 484 CHRISTI
579 434 630 483 III.
648 437 687 494 30,
699 437 739 485 el.
928 436 973 484 145

180 570 297 626 omuibus
315 569 438 625 creaturis
457 569 536 625 luerit
552 568 695 642 expeditos,
712 586 765 626 uon
781 569 877 641 poterit
894 568 973 626 libere

178 675 310 732 intendere
322 674 421 730 divinis.
454 673 850 746 Idcocnimpcnciinveuiuntur
859 677 970 732 contem·

178 781 274 853 pune,
287 781 347 853 qun
359 780 435 852 pne
449 779 534 837 suunt
553 797 582 836 ss
600 797 617 836 a
631 780 751 853 pentum
763 787 790 837 et
805 765 929 838 butus
941 781 974 837 ac
1028 788 1029 792 ¹

178 885 282 959 plenum
293 889 460 958 sequestrare.

213 995 237 1046 2.
256 990 299 1046 Ad
309 991 359 1048 hoc
369 1009 462 1062 magna
472 991 610 1062 requiritur
621 991 711 1063 gretie,
720 1010 777 1063 quse
786 991 896 1048 animam
904 991 973 1048 levet

179 1100 206 1152 et
218 1115 295 1168 supra
307 1096 480 1169 semetipsam
490 1097 581 1168 rapiet.
605 1097 646 1154 ut
657 1098 708 1154 nisi
718 1097 794 1154 homo
803 1098 837 1154 sit
844 1097 872 1154 in
880 1098 973 1169 spiritu

179 1201 299 1270 elevatus,
308 1206 335 1257 et
344 1201 376 1258 ab
385 1202 501 1259 omnibus
513 1202 636 1260 maturis
647 1202 778 1270 liberabis,
786 1221 816 1260 cc
827 1204 889 1260 Duc
900 1207 972 1262 totus

177 1309 274 1375 unitim,
293 1307 416 1383 quidquid
435 1309 492 1375 scit,
511 1309 634 1382 quidquid
656 1311 734 1366 etium
757 1309 842 1377 habet,
860 1329 913 1370 non
933 1315 973 1368 est

178 1415 263 1487 magui
276 1414 402 1486 ponderis.
437 1414 493 1471 Diu
510 1415 669 1486 perveserit
685 1419 712 1471 et
726 1415 794 1472 iufra
806 1415 909 1488 jacebit,
929 1416 974 1488 qui

178 1521 273 1593 aliquid
283 1539 404 1594 magnum
415 1521 533 1588 estimat,
545 1521 596 1580 nisi
613 1521 696 1578 solum
711 1541 798 1588 unum,
812 1522 970 1588 immensum,

177 1633 301 1684 eternum
318 1627 420 1684 bouum.
456 1628 525 1684 Nam
542 1627 665 1700 quidquid
681 1627 760 1683 Drus
775 1646 827 1683 non
844 1631 892 1694 est,
910 1628 974 1684 nibil

178 1737 225 1802 cst,
233 1738 260 1790 et
271 1752 317 1806 pro
324 1733 402 1790 nihilo
409 1733 551 1806 computari
559 1733 642 1790 debet.
666 1733 970 1804 Estmcgncdiffereutin,

175 1839 301 1911 sapientia
317 1838 454 1896 illuminati
477 1843 503 1896 et
527 1819 613 1896 devoti
629 1837 685 1906 viri,
703 1841 730 1893 ct
748 1837 854 1894 scientis
876 1837 974 1894 literati
1059 1888 1061 1894 .

177 1949 253 2016 etque
269 1943 378 2000 studiosi
394 1944 487 2002 clerici.
522 1944 609 2000 Multo
620 1942 728 1999 nobilior
739 1947 781 1998 est
796 1943 841 2000 ille
858 1942 974 2000 doctrina

177 2070 233 2123 quae
253 2050 386 2106 desursum
403 2069 436 2108 ex
453 2049 539 2108 divine
555 2049 689 2106 influentia
706 2051 801 2116 menet,
821 2068 898 2120 quam
916 2069 971 2122 que

175 2161 299 2218 laboriose
310 2162 420 2218 humano
432 2160 571 2232 requiritur
582 2159 692 2232 iugenio.

212 2268 236 2321 3.
255 2266 345 2322 Plures
370 2264 533 2336 reperiuntur
556 2262 796 2335 contemplationem
819 2262 972 2340 desiderare,

176 2370 221 2426 scd
233 2389 289 2442 quse
300 2369 333 2426 cd
349 2387 405 2426 cnm
416 2368 589 2440 requiruntur,
599 2387 651 2424 non
658 2369 762 2425 student
772 2387 895 2425 exercere.
923 2370 974 2424 list

176 2479 203 2530 ct
214 2493 335 2547 magnum
345 2473 564 2547 impedimentum,
573 2474 633 2546 quic
643 2475 671 2528 in
683 2474 763 2546 signis
773 2477 800 2529 et
812 2473 972 2530 sensibilibus

175 2580 251 2636 rebus
261 2583 353 2647 statur,
363 2583 390 2636 et
397 2579 647 2652 perumdeperiectc
657 2579 971 2636 mortificationebcbetur.

175 2686 270 2742 Nescio
282 2685 344 2757 quid
355 2689 403 2753 cst,
414 2688 441 2740 et
453 2702 503 2756 quo
518 2685 613 2756 spiritu
624 2685 748 2752 ducimur,
758 2689 784 2742 et
794 2685 855 2757 quid
866 2690 973 2758 preten-

120 2855 121 2861 ἵ
175 2789 266 2855 dimus
291 2790 336 2861 qui
362 2791 504 2860 spirituales
532 2789 583 2846 dici
607 2789 739 2857 videmur;
774 2790 843 2862 quod
871 2795 973 2848 tontum

119 2913 125 2968 Q
174 2895 286 2952 laborem
298 2899 325 2953 ct
337 2895 483 2968 ampliorem
501 2895 696 2952 sollicitudinem
714 2914 761 2968 pro
779 2897 933 2953 transitoriis
945 2903 972 2953 et

118 2928 120 3065 l
174 3000 266 3058 vilibus
282 3001 359 3058 rebus
371 3001 478 3074 agimus,
494 3005 522 3058 et
534 3001 566 3058 de
576 3001 740 3059 interioribus
752 3002 847 3059 nostris
859 3003 902 3058 vix
913 3021 972 3059 raro

118 3124 135 3188 {l
174 3107 248 3177 plene
259 3107 400 3187 recollectis
412 3106 528 3164 sensibus
540 3107 691 3179 cogitemus.
