<?xml version="1.0" encoding="UTF-8"?>
<!DOCTYPE html PUBLIC "-//W3C//DTD XHTML 1.0 Transitional//EN"
    "http://www.w3.org/TR/xhtml1/DTD/xhtml1-transitional.dtd">
<html xmlns="http://www.w3.org/1999/xhtml" xml:lang="en" lang="en">
 <head>
  <title>
</title>
<meta http-equiv="Content-Type" content="text/html;charset=utf-8" />
  <meta name='ocr-system' content='tesseract 3.04.00' />
  <meta name='ocr-capabilities' content='ocr_page ocr_carea ocr_par ocr_line ocrx_word'/>
</head>
<body>
  <div class='ocr_page' id='page_1' title='image "./deimitationechr01thomgoog_0084.png"; bbox 0 0 2524 3844; ppageno 0'>
   <div class='ocr_carea' id='block_1_1' title="bbox 441 426 975 490">
    <p class='ocr_par' dir='ltr' id='par_1_1' title="bbox 441 426 975 490">
     <span class='ocr_line' id='line_1_1' title="bbox 441 426 975 490; baseline -0.028 -3"><span class='ocrx_word' id='word_1_1' title='bbox 441 433 584 487; x_wconf 80' lang='lat' dir='ltr'>CHRISTI</span> <span class='ocrx_word' id='word_1_2' title='bbox 610 433 645 482; x_wconf 89' lang='lat'><strong>11.</strong></span> <span class='ocrx_word' id='word_1_3' title='bbox 658 435 681 490; x_wconf 82' lang='lat'><strong>8,</strong></span> <span class='ocrx_word' id='word_1_4' title='bbox 692 431 717 481; x_wconf 80' lang='lat'><strong>9.</strong></span> <span class='ocrx_word' id='word_1_5' title='bbox 946 426 975 472; x_wconf 73' lang='lat'><strong>6⁸³</strong></span> 
     </span>
    </p>
   </div>
   <div class='ocr_carea' id='block_1_2' title="bbox 481 717 671 776">
    <p class='ocr_par' dir='ltr' id='par_1_2' title="bbox 481 717 671 776">
     <span class='ocr_line' id='line_1_2' title="bbox 481 717 671 776; baseline -0.021 0"><span class='ocrx_word' id='word_1_6' title='bbox 481 719 599 776; x_wconf 75' lang='lat' dir='ltr'>CAPUT</span> <span class='ocrx_word' id='word_1_7' title='bbox 622 717 671 772; x_wconf 71' lang='lat' dir='ltr'><strong>In</strong></span> 
     </span>
    </p>
   </div>
   <div class='ocr_carea' id='block_1_3' title="bbox 175 875 1000 1732">
    <p class='ocr_par' dir='ltr' id='par_1_3' title="bbox 366 875 794 923">
     <span class='ocr_line' id='line_1_3' title="bbox 366 875 794 923; baseline -0.019 0"><span class='ocrx_word' id='word_1_8' title='bbox 366 885 403 923; x_wconf 86' lang='lat' dir='ltr'><strong>nn</strong></span> <span class='ocrx_word' id='word_1_9' title='bbox 422 881 560 922; x_wconf 72' lang='lat' dir='ltr'><strong>cinnrrm</strong></span> <span class='ocrx_word' id='word_1_10' title='bbox 577 879 663 918; x_wconf 78' lang='lat' dir='ltr'><strong>omns</strong></span> <span class='ocrx_word' id='word_1_11' title='bbox 680 875 794 916; x_wconf 70' lang='lat' dir='ltr'><strong>eonem.</strong></span> 
     </span>
    </p>

    <p class='ocr_par' dir='ltr' id='par_1_4' title="bbox 175 980 1000 1732">
     <span class='ocr_line' id='line_1_4' title="bbox 213 980 1000 1096; baseline -0.018 -13"><span class='ocrx_word' id='word_1_12' title='bbox 213 1031 238 1083; x_wconf 85' lang='lat'><strong>1.</strong></span> <span class='ocrx_word' id='word_1_13' title='bbox 257 1027 320 1082; x_wconf 91' lang='lat' dir='ltr'><strong>Non</strong></span> <span class='ocrx_word' id='word_1_14' title='bbox 343 1028 383 1080; x_wconf 90' lang='lat' dir='ltr'><strong>est</strong></span> <span class='ocrx_word' id='word_1_15' title='bbox 404 1041 481 1096; x_wconf 79' lang='lat' dir='ltr'><strong>grave</strong></span> <span class='ocrx_word' id='word_1_16' title='bbox 503 1021 644 1076; x_wconf 78' lang='lat' dir='ltr'><strong>humanum</strong></span> <span class='ocrx_word' id='word_1_17' title='bbox 664 1019 825 1072; x_wconf 75' lang='lat' dir='ltr'><strong>contemnere</strong></span> <span class='ocrx_word' id='word_1_18' title='bbox 848 995 975 1080; x_wconf 75' lang='lat' dir='ltr'><strong>solatium,</strong></span> <span class='ocrx_word' id='word_1_19' title='bbox 997 980 1000 1069; x_wconf 76' lang='lat' dir='ltr'><strong>i</strong></span> 
     </span>
     <span class='ocr_line' id='line_1_5' title="bbox 177 1094 974 1198; baseline -0.024 -6"><span class='ocrx_word' id='word_1_20' title='bbox 177 1155 237 1192; x_wconf 83' lang='lat' dir='ltr'><strong>cum</strong></span> <span class='ocrx_word' id='word_1_21' title='bbox 257 1134 329 1189; x_wconf 80' lang='lat' dir='ltr'><strong>adest</strong></span> <span class='ocrx_word' id='word_1_22' title='bbox 349 1131 469 1187; x_wconf 87' lang='lat' dir='ltr'><strong>divinum.</strong></span> <span class='ocrx_word' id='word_1_23' title='bbox 504 1128 631 1198; x_wconf 84' lang='lat' dir='ltr'><strong>Magnum</strong></span> <span class='ocrx_word' id='word_1_24' title='bbox 650 1125 691 1178; x_wconf 82' lang='lat' dir='ltr'><strong>est</strong></span> <span class='ocrx_word' id='word_1_25' title='bbox 710 1127 736 1178; x_wconf 89' lang='lat' dir='ltr'><strong>et</strong></span> <span class='ocrx_word' id='word_1_26' title='bbox 755 1121 827 1178; x_wconf 81' lang='lat' dir='ltr'><strong>velde</strong></span> <span class='ocrx_word' id='word_1_27' title='bbox 846 1094 974 1192; x_wconf 75' lang='lat' dir='ltr'><strong>magnum,</strong></span> 
     </span>
     <span class='ocr_line' id='line_1_6' title="bbox 176 1228 975 1310; baseline -0.021 -12"><span class='ocrx_word' id='word_1_28' title='bbox 176 1247 231 1298; x_wconf 79' lang='lat' dir='ltr'><strong>tam</strong></span> <span class='ocrx_word' id='word_1_29' title='bbox 249 1242 360 1296; x_wconf 80' lang='lat' dir='ltr'><strong>hnmano</strong></span> <span class='ocrx_word' id='word_1_30' title='bbox 378 1256 454 1310; x_wconf 76' lang='lat' dir='ltr'><strong>quam</strong></span> <span class='ocrx_word' id='word_1_31' title='bbox 471 1235 556 1290; x_wconf 87' lang='lat' dir='ltr'><strong>divino</strong></span> <span class='ocrx_word' id='word_1_32' title='bbox 572 1250 648 1304; x_wconf 84' lang='lat' dir='ltr'><strong>posse</strong></span> <span class='ocrx_word' id='word_1_33' title='bbox 665 1248 750 1285; x_wconf 81' lang='lat' dir='ltr'><strong>carere</strong></span> <span class='ocrx_word' id='word_1_34' title='bbox 768 1228 865 1293; x_wconf 74' lang='lat' dir='ltr'><strong>solatio,</strong></span> <span class='ocrx_word' id='word_1_35' title='bbox 884 1232 911 1282; x_wconf 92' lang='lat' dir='ltr'><strong>et</strong></span> <span class='ocrx_word' id='word_1_36' title='bbox 928 1244 975 1298; x_wconf 88' lang='lat' dir='ltr'><strong>pro</strong></span> 
     </span>
     <span class='ocr_line' id='line_1_7' title="bbox 177 1333 975 1404; baseline -0.018 0"><span class='ocrx_word' id='word_1_37' title='bbox 177 1366 263 1404; x_wconf 77' lang='lat' dir='ltr'><strong>amore</strong></span> <span class='ocrx_word' id='word_1_38' title='bbox 274 1347 331 1402; x_wconf 83' lang='lat' dir='ltr'><strong>Dnr</strong></span> <span class='ocrx_word' id='word_1_39' title='bbox 342 1333 566 1401; x_wconf 53' lang='lat' dir='ltr'><strong>htenter&#39;exilium</strong></span> <span class='ocrx_word' id='word_1_40' title='bbox 582 1339 666 1395; x_wconf 84' lang='lat' dir='ltr'><strong>cordis</strong></span> <span class='ocrx_word' id='word_1_41' title='bbox 677 1337 741 1393; x_wconf 85' lang='lat' dir='ltr'><strong>veile</strong></span> <span class='ocrx_word' id='word_1_42' title='bbox 757 1337 890 1402; x_wconf 79' lang='lat' dir='ltr'><strong>sustinere,</strong></span> <span class='ocrx_word' id='word_1_43' title='bbox 903 1340 930 1391; x_wconf 88' lang='lat' dir='ltr'><strong>et</strong></span> <span class='ocrx_word' id='word_1_44' title='bbox 947 1337 975 1391; x_wconf 90' lang='lat' dir='ltr'><strong>in</strong></span> 
     </span>
     <span class='ocr_line' id='line_1_8' title="bbox 175 1443 974 1524; baseline -0.015 -15"><span class='ocrx_word' id='word_1_45' title='bbox 175 1453 247 1508; x_wconf 87' lang='lat' dir='ltr'><strong>nullo</strong></span> <span class='ocrx_word' id='word_1_46' title='bbox 274 1471 302 1508; x_wconf 80' lang='lat' dir='ltr'><strong>se</strong></span> <span class='ocrx_word' id='word_1_47' title='bbox 324 1453 409 1524; x_wconf 85' lang='lat' dir='ltr'><strong>ipsum</strong></span> <span class='ocrx_word' id='word_1_48' title='bbox 432 1465 551 1521; x_wconf 87' lang='lat' dir='ltr'><strong>quaerere,</strong></span> <span class='ocrx_word' id='word_1_49' title='bbox 575 1463 624 1500; x_wconf 80' lang='lat' dir='ltr'><strong>nec</strong></span> <span class='ocrx_word' id='word_1_50' title='bbox 647 1444 680 1500; x_wconf 82' lang='lat' dir='ltr'><strong>ed</strong></span> <span class='ocrx_word' id='word_1_51' title='bbox 701 1443 832 1516; x_wconf 86' lang='lat' dir='ltr'><strong>proprium</strong></span> <span class='ocrx_word' id='word_1_52' title='bbox 854 1443 974 1499; x_wconf 81' lang='lat' dir='ltr'><strong>meritum</strong></span> 
     </span>
     <span class='ocr_line' id='line_1_9' title="bbox 176 1551 974 1629; baseline -0.006 -16"><span class='ocrx_word' id='word_1_53' title='bbox 176 1557 309 1629; x_wconf 84' lang='lat' dir='ltr'><strong>respicere.</strong></span> <span class='ocrx_word' id='word_1_54' title='bbox 346 1556 417 1616; x_wconf 80' lang='lat' dir='ltr'><strong>Quid</strong></span> <span class='ocrx_word' id='word_1_55' title='bbox 438 1553 526 1626; x_wconf 77' lang='lat' dir='ltr'><strong>magni</strong></span> <span class='ocrx_word' id='word_1_56' title='bbox 548 1555 596 1618; x_wconf 77' lang='lat' dir='ltr'><strong>eet,</strong></span> <span class='ocrx_word' id='word_1_57' title='bbox 615 1553 638 1607; x_wconf 86' lang='lat' dir='ltr'><strong>si</strong></span> <span class='ocrx_word' id='word_1_58' title='bbox 659 1551 747 1607; x_wconf 75' lang='lat' dir='ltr'><strong>hilaris</strong></span> <span class='ocrx_word' id='word_1_59' title='bbox 765 1553 800 1607; x_wconf 80' lang='lat' dir='ltr'><strong>sis</strong></span> <span class='ocrx_word' id='word_1_60' title='bbox 818 1555 845 1607; x_wconf 89' lang='lat' dir='ltr'><strong>et</strong></span> <span class='ocrx_word' id='word_1_61' title='bbox 866 1551 974 1608; x_wconf 84' lang='lat' dir='ltr'><strong>devotus</strong></span> 
     </span>
     <span class='ocr_line' id='line_1_10' title="bbox 176 1657 873 1732; baseline 0 -16"><span class='ocrx_word' id='word_1_62' title='bbox 176 1659 327 1718; x_wconf 79' lang='lat' dir='ltr'><strong>adveniente</strong></span> <span class='ocrx_word' id='word_1_63' title='bbox 344 1661 445 1732; x_wconf 57' lang='lat' dir='ltr'><strong>gretiss</strong></span> <span class='ocrx_word' id='word_1_64' title='bbox 469 1657 596 1730; x_wconf 81' lang='lat' dir='ltr'><strong>Optabilis</strong></span> <span class='ocrx_word' id='word_1_65' title='bbox 614 1657 714 1713; x_wconf 85' lang='lat' dir='ltr'><strong>cunctis</strong></span> <span class='ocrx_word' id='word_1_66' title='bbox 731 1657 786 1713; x_wconf 76' lang='lat' dir='ltr'><strong>herc</strong></span> <span class='ocrx_word' id='word_1_67' title='bbox 802 1658 873 1716; x_wconf 74' lang='lat' dir='ltr'><strong>horn.</strong></span> 
     </span>
    </p>
   </div>
   <div class='ocr_carea' id='block_1_4' title="bbox 409 1789 724 1920">
    <p class='ocr_par' dir='ltr' id='par_1_5' title="bbox 409 1789 724 1920">
     <span class='ocr_line' id='line_1_11' title="bbox 411 1789 692 1847; baseline -0.014 -9"><span class='ocrx_word' id='word_1_68' title='bbox 411 1791 472 1838; x_wconf 76' lang='lat' dir='ltr'><strong>Satis</strong></span> <span class='ocrx_word' id='word_1_69' title='bbox 482 1791 586 1836; x_wconf 79' lang='lat' dir='ltr'><strong>suaviter</strong></span> <span class='ocrx_word' id='word_1_70' title='bbox 595 1789 692 1847; x_wconf 78' lang='lat' dir='ltr'><strong>equitet,</strong></span> 
     </span>
     <span class='ocr_line' id='line_1_12' title="bbox 409 1860 724 1920; baseline 0.003 -14"><span class='ocrx_word' id='word_1_71' title='bbox 409 1861 484 1917; x_wconf 79' lang='lat' dir='ltr'><strong>Quem</strong></span> <span class='ocrx_word' id='word_1_72' title='bbox 494 1862 571 1920; x_wconf 78' lang='lat' dir='ltr'><strong>gretia</strong></span> <span class='ocrx_word' id='word_1_73' title='bbox 579 1860 629 1906; x_wconf 81' lang='lat' dir='ltr'><strong>Dnr</strong></span> <span class='ocrx_word' id='word_1_74' title='bbox 639 1865 724 1919; x_wconf 76' lang='lat' dir='ltr'><strong>portet.</strong></span> 
     </span>
    </p>
   </div>
   <div class='ocr_carea' id='block_1_5' title="bbox 101 1388 105 1427">
    <p class='ocr_par' dir='ltr' id='par_1_6' title="bbox 101 1388 105 1427">
     <span class='ocr_line' id='line_1_13' title="bbox 101 1388 105 1427; baseline 0 0"><span class='ocrx_word' id='word_1_75' title='bbox 101 1388 105 1427; x_wconf 83' lang='lat' dir='ltr'><strong>t</strong></span> 
     </span>
    </p>
   </div>
   <div class='ocr_carea' id='block_1_6' title="bbox 106 1988 1008 2809">
    <p class='ocr_par' dir='ltr' id='par_1_7' title="bbox 106 1988 1008 2809">
     <span class='ocr_line' id='line_1_14' title="bbox 106 1988 971 2061; baseline 0.007 -22"><span class='ocrx_word' id='word_1_76' title='bbox 106 1988 107 2039; x_wconf 78' lang='lat' dir='ltr'><strong>t</strong></span> <span class='ocrx_word' id='word_1_77' title='bbox 173 1989 212 2044; x_wconf 77' lang='lat' dir='ltr'><strong>nt</strong></span> <span class='ocrx_word' id='word_1_78' title='bbox 232 1988 294 2060; x_wconf 88' lang='lat' dir='ltr'><strong>quid</strong></span> <span class='ocrx_word' id='word_1_79' title='bbox 310 1988 411 2053; x_wconf 82' lang='lat' dir='ltr'><strong>minim,</strong></span> <span class='ocrx_word' id='word_1_80' title='bbox 430 1989 453 2043; x_wconf 83' lang='lat' dir='ltr'><strong>si</strong></span> <span class='ocrx_word' id='word_1_81' title='bbox 470 2005 535 2043; x_wconf 78' lang='lat' dir='ltr'><strong>onus</strong></span> <span class='ocrx_word' id='word_1_82' title='bbox 558 2005 610 2042; x_wconf 92' lang='lat' dir='ltr'><strong>non</strong></span> <span class='ocrx_word' id='word_1_83' title='bbox 631 1989 718 2054; x_wconf 84' lang='lat' dir='ltr'><strong>sentit,</strong></span> <span class='ocrx_word' id='word_1_84' title='bbox 739 1988 784 2060; x_wconf 90' lang='lat' dir='ltr'><strong>qui</strong></span> <span class='ocrx_word' id='word_1_85' title='bbox 802 1993 920 2061; x_wconf 80' lang='lat' dir='ltr'><strong>portetur</strong></span> <span class='ocrx_word' id='word_1_86' title='bbox 939 1990 971 2045; x_wconf 77' lang='lat' dir='ltr'><strong>ab</strong></span> 
     </span>
     <span class='ocr_line' id='line_1_15' title="bbox 174 2095 811 2166; baseline 0.005 -16"><span class='ocrx_word' id='word_1_87' title='bbox 174 2095 364 2166; x_wconf 80' lang='lat' dir='ltr'><strong>omnipotente,</strong></span> <span class='ocrx_word' id='word_1_88' title='bbox 378 2099 405 2150; x_wconf 90' lang='lat' dir='ltr'><strong>et</strong></span> <span class='ocrx_word' id='word_1_89' title='bbox 417 2095 519 2151; x_wconf 83' lang='lat' dir='ltr'><strong>ducitur</strong></span> <span class='ocrx_word' id='word_1_90' title='bbox 531 2113 547 2150; x_wconf 80' lang='lat' dir='ltr'><strong>a</strong></span> <span class='ocrx_word' id='word_1_91' title='bbox 558 2097 664 2150; x_wconf 87' lang='lat' dir='ltr'><strong>Summo</strong></span> <span class='ocrx_word' id='word_1_92' title='bbox 675 2096 811 2153; x_wconf 82' lang='lat' dir='ltr'><strong>Ductorei</strong></span> 
     </span>
     <span class='ocr_line' id='line_1_16' title="bbox 210 2201 972 2274; baseline 0.001 -16"><span class='ocrx_word' id='word_1_93' title='bbox 210 2205 235 2258; x_wconf 76' lang='lat' dir='ltr'><strong>c.</strong></span> <span class='ocrx_word' id='word_1_94' title='bbox 248 2203 372 2259; x_wconf 86' lang='lat' dir='ltr'><strong>Libenter</strong></span> <span class='ocrx_word' id='word_1_95' title='bbox 382 2203 505 2259; x_wconf 82' lang='lat' dir='ltr'><strong>habemus</strong></span> <span class='ocrx_word' id='word_1_96' title='bbox 518 2201 613 2274; x_wconf 83' lang='lat' dir='ltr'><strong>eiiquid</strong></span> <span class='ocrx_word' id='word_1_97' title='bbox 623 2220 670 2273; x_wconf 87' lang='lat' dir='ltr'><strong>pro</strong></span> <span class='ocrx_word' id='word_1_98' title='bbox 683 2201 781 2268; x_wconf 79' lang='lat' dir='ltr'><strong>solatio,</strong></span> <span class='ocrx_word' id='word_1_99' title='bbox 800 2206 827 2257; x_wconf 91' lang='lat' dir='ltr'><strong>et</strong></span> <span class='ocrx_word' id='word_1_100' title='bbox 839 2202 972 2259; x_wconf 85' lang='lat' dir='ltr'><strong>difficulter</strong></span> 
     </span>
     <span class='ocr_line' id='line_1_17' title="bbox 172 2308 971 2382; baseline -0.001 -17"><span class='ocrx_word' id='word_1_101' title='bbox 172 2310 251 2365; x_wconf 91' lang='lat' dir='ltr'><strong>homo</strong></span> <span class='ocrx_word' id='word_1_102' title='bbox 271 2311 374 2365; x_wconf 84' lang='lat' dir='ltr'><strong>exuitur</strong></span> <span class='ocrx_word' id='word_1_103' title='bbox 394 2328 410 2365; x_wconf 80' lang='lat' dir='ltr'><strong>a</strong></span> <span class='ocrx_word' id='word_1_104' title='bbox 429 2329 457 2366; x_wconf 83' lang='lat' dir='ltr'><strong>se</strong></span> <span class='ocrx_word' id='word_1_105' title='bbox 475 2309 539 2381; x_wconf 79' lang='lat' dir='ltr'><strong>ipso.</strong></span> <span class='ocrx_word' id='word_1_106' title='bbox 574 2308 647 2363; x_wconf 85' lang='lat' dir='ltr'><strong>Vicit</strong></span> <span class='ocrx_word' id='word_1_107' title='bbox 666 2312 769 2364; x_wconf 76' lang='lat' dir='ltr'><strong>sanctus</strong></span> <span class='ocrx_word' id='word_1_108' title='bbox 788 2313 885 2382; x_wconf 74' lang='lat' dir='ltr'><strong>martyr</strong></span> <span class='ocrx_word' id='word_1_109' title='bbox 904 2309 971 2365; x_wconf 78' lang='lat' dir='ltr'><strong>Inu-</strong></span> 
     </span>
     <span class='ocr_line' id='line_1_18' title="bbox 172 2412 971 2486; baseline 0.003 -16"><span class='ocrx_word' id='word_1_110' title='bbox 172 2415 274 2471; x_wconf 83' lang='lat' dir='ltr'><strong>rentius</strong></span> <span class='ocrx_word' id='word_1_111' title='bbox 286 2414 406 2470; x_wconf 78' lang='lat' dir='ltr'><strong>seculum</strong></span> <span class='ocrx_word' id='word_1_112' title='bbox 417 2433 476 2470; x_wconf 88' lang='lat' dir='ltr'><strong>cum</strong></span> <span class='ocrx_word' id='word_1_113' title='bbox 488 2429 535 2468; x_wconf 85' lang='lat' dir='ltr'><strong>suo</strong></span> <span class='ocrx_word' id='word_1_114' title='bbox 547 2412 685 2480; x_wconf 80' lang='lat' dir='ltr'><strong>secerdote,</strong></span> <span class='ocrx_word' id='word_1_115' title='bbox 697 2415 757 2484; x_wconf 82' lang='lat' dir='ltr'><strong>quin</strong></span> <span class='ocrx_word' id='word_1_116' title='bbox 767 2433 849 2481; x_wconf 89' lang='lat' dir='ltr'><strong>omne,</strong></span> <span class='ocrx_word' id='word_1_117' title='bbox 862 2415 929 2486; x_wconf 84' lang='lat' dir='ltr'><strong>quod</strong></span> <span class='ocrx_word' id='word_1_118' title='bbox 943 2417 971 2472; x_wconf 89' lang='lat' dir='ltr'><strong>in</strong></span> 
     </span>
     <span class='ocr_line' id='line_1_19' title="bbox 172 2518 970 2590; baseline 0.001 -14"><span class='ocrx_word' id='word_1_119' title='bbox 172 2520 270 2576; x_wconf 85' lang='lat' dir='ltr'><strong>mundo</strong></span> <span class='ocrx_word' id='word_1_120' title='bbox 282 2519 428 2576; x_wconf 81' lang='lat' dir='ltr'><strong>delectabile</strong></span> <span class='ocrx_word' id='word_1_121' title='bbox 439 2519 581 2585; x_wconf 81' lang='lat' dir='ltr'><strong>videbatur,</strong></span> <span class='ocrx_word' id='word_1_122' title='bbox 591 2518 722 2590; x_wconf 81' lang='lat' dir='ltr'><strong>despexit3</strong></span> <span class='ocrx_word' id='word_1_123' title='bbox 737 2523 764 2575; x_wconf 89' lang='lat' dir='ltr'><strong>et</strong></span> <span class='ocrx_word' id='word_1_124' title='bbox 776 2539 904 2576; x_wconf 85' lang='lat' dir='ltr'><strong>summum</strong></span> <span class='ocrx_word' id='word_1_125' title='bbox 914 2521 970 2577; x_wconf 80' lang='lat' dir='ltr'><strong>Dnr</strong></span> 
     </span>
     <span class='ocr_line' id='line_1_20' title="bbox 172 2558 1008 2701; baseline 0.004 -19"><span class='ocrx_word' id='word_1_126' title='bbox 172 2626 333 2684; x_wconf 78' lang='lat' dir='ltr'><strong>sacerdotem</strong></span> <span class='ocrx_word' id='word_1_127' title='bbox 345 2627 454 2692; x_wconf 83' lang='lat' dir='ltr'><strong>Sixtum,</strong></span> <span class='ocrx_word' id='word_1_128' title='bbox 467 2645 543 2698; x_wconf 87' lang='lat' dir='ltr'><strong>quem</strong></span> <span class='ocrx_word' id='word_1_129' title='bbox 554 2627 663 2682; x_wconf 83' lang='lat' dir='ltr'><strong>maxime</strong></span> <span class='ocrx_word' id='word_1_130' title='bbox 675 2626 803 2699; x_wconf 80' lang='lat' dir='ltr'><strong>diligebat,</strong></span> <span class='ocrx_word' id='word_1_131' title='bbox 821 2646 868 2701; x_wconf 89' lang='lat' dir='ltr'><strong>pro</strong></span> <span class='ocrx_word' id='word_1_132' title='bbox 886 2647 970 2684; x_wconf 83' lang='lat' dir='ltr'><strong>emere</strong></span> <span class='ocrx_word' id='word_1_133' title='bbox 1004 2558 1008 2685; x_wconf 84' lang='lat' dir='ltr'><strong>i</strong></span> 
     </span>
     <span class='ocr_line' id='line_1_21' title="bbox 173 2732 970 2809; baseline 0.005 -21"><span class='ocrx_word' id='word_1_134' title='bbox 173 2733 379 2789; x_wconf 66' lang='lat' dir='ltr'><strong>annonariam</strong></span> <span class='ocrx_word' id='word_1_135' title='bbox 391 2751 407 2788; x_wconf 82' lang='lat' dir='ltr'><strong>e</strong></span> <span class='ocrx_word' id='word_1_136' title='bbox 417 2732 769 2790; x_wconf 82' lang='lat' dir='ltr'><strong>setolliolementerferebat.</strong></span> <span class='ocrx_word' id='word_1_137' title='bbox 788 2736 883 2792; x_wconf 85' lang='lat' dir='ltr'><strong>Amore</strong></span> <span class='ocrx_word' id='word_1_138' title='bbox 891 2735 970 2809; x_wconf 79' lang='lat' dir='ltr'><strong>igitur</strong></span> 
     </span>
    </p>
   </div>
   <div class='ocr_carea' id='block_1_7' title="bbox 171 2845 971 3140">
    <p class='ocr_par' dir='ltr' id='par_1_8' title="bbox 171 2845 971 3140">
     <span class='ocr_line' id='line_1_22' title="bbox 173 2845 970 2921; baseline 0.005 -19"><span class='ocrx_word' id='word_1_139' title='bbox 173 2846 303 2902; x_wconf 72' lang='lat' dir='ltr'><strong>creatoris</strong></span> <span class='ocrx_word' id='word_1_140' title='bbox 322 2861 433 2903; x_wconf 75' lang='lat' dir='ltr'><strong>amorem</strong></span> <span class='ocrx_word' id='word_1_141' title='bbox 453 2845 562 2902; x_wconf 82' lang='lat' dir='ltr'><strong>hominis</strong></span> <span class='ocrx_word' id='word_1_142' title='bbox 586 2847 724 2920; x_wconf 82' lang='lat' dir='ltr'><strong>superarit,</strong></span> <span class='ocrx_word' id='word_1_143' title='bbox 742 2851 770 2905; x_wconf 89' lang='lat' dir='ltr'><strong>et</strong></span> <span class='ocrx_word' id='word_1_144' title='bbox 793 2867 839 2921; x_wconf 88' lang='lat' dir='ltr'><strong>pro</strong></span> <span class='ocrx_word' id='word_1_145' title='bbox 859 2850 970 2907; x_wconf 75' lang='lat' dir='ltr'><strong>humano</strong></span> 
     </span>
     <span class='ocr_line' id='line_1_23' title="bbox 172 2951 971 3042; baseline 0.004 -33"><span class='ocrx_word' id='word_1_146' title='bbox 172 2952 265 3042; x_wconf 80' lang='lat' dir='ltr'><strong>solatio</strong></span> <span class='ocrx_word' id='word_1_147' title='bbox 284 2951 397 3008; x_wconf 83' lang='lat' dir='ltr'><strong>divinum</strong></span> <span class='ocrx_word' id='word_1_148' title='bbox 413 2953 598 3025; x_wconf 81' lang='lat' dir='ltr'><strong>beneplacitum</strong></span> <span class='ocrx_word' id='word_1_149' title='bbox 615 2954 696 3026; x_wconf 80' lang='lat' dir='ltr'><strong>magis</strong></span> <span class='ocrx_word' id='word_1_150' title='bbox 715 2954 799 3026; x_wconf 83' lang='lat' dir='ltr'><strong>elegit.</strong></span> <span class='ocrx_word' id='word_1_151' title='bbox 835 2956 879 3011; x_wconf 83' lang='lat' dir='ltr'><strong>Ite</strong></span> <span class='ocrx_word' id='word_1_152' title='bbox 896 2960 922 3011; x_wconf 92' lang='lat' dir='ltr'><strong>et</strong></span> <span class='ocrx_word' id='word_1_153' title='bbox 939 2961 971 3012; x_wconf 88' lang='lat' dir='ltr'><strong>tu</strong></span> 
     </span>
     <span class='ocr_line' id='line_1_24' title="bbox 171 3058 969 3140; baseline 0.001 -25"><span class='ocrx_word' id='word_1_154' title='bbox 171 3058 283 3130; x_wconf 70' lang='lat' dir='ltr'><strong>aliquem</strong></span> <span class='ocrx_word' id='word_1_155' title='bbox 294 3060 465 3115; x_wconf 80' lang='lat' dir='ltr'><strong>necessarium</strong></span> <span class='ocrx_word' id='word_1_156' title='bbox 476 3063 502 3114; x_wconf 91' lang='lat' dir='ltr'><strong>et</strong></span> <span class='ocrx_word' id='word_1_157' title='bbox 515 3059 636 3140; x_wconf 87' lang='lat' dir='ltr'><strong>dilectum</strong></span> <span class='ocrx_word' id='word_1_158' title='bbox 645 3060 754 3115; x_wconf 81' lang='lat' dir='ltr'><strong>enricum</strong></span> <span class='ocrx_word' id='word_1_159' title='bbox 764 3079 811 3132; x_wconf 89' lang='lat' dir='ltr'><strong>pro</strong></span> <span class='ocrx_word' id='word_1_160' title='bbox 821 3079 904 3117; x_wconf 77' lang='lat' dir='ltr'><strong>amore</strong></span> <span class='ocrx_word' id='word_1_161' title='bbox 913 3062 969 3116; x_wconf 86' lang='lat' dir='ltr'><strong>Dnr</strong></span> 
     </span>
    </p>
   </div>
   <div class='ocr_carea' id='block_1_8' title="bbox 91 3163 969 3359">
    <p class='ocr_par' dir='ltr' id='par_1_9' title="bbox 91 3163 969 3359">
     <span class='ocr_line' id='line_1_25' title="bbox 171 3163 969 3238; baseline 0.001 -16"><span class='ocrx_word' id='word_1_162' title='bbox 171 3165 243 3222; x_wconf 82' lang='lat' dir='ltr'><strong>disce</strong></span> <span class='ocrx_word' id='word_1_163' title='bbox 262 3163 411 3237; x_wconf 86' lang='lat' dir='ltr'><strong>relinquere.</strong></span> <span class='ocrx_word' id='word_1_164' title='bbox 450 3165 507 3222; x_wconf 84' lang='lat' dir='ltr'><strong>Nec</strong></span> <span class='ocrx_word' id='word_1_165' title='bbox 527 3167 641 3238; x_wconf 80' lang='lat' dir='ltr'><strong>graviter</strong></span> <span class='ocrx_word' id='word_1_166' title='bbox 661 3166 735 3233; x_wconf 71' lang='lat' dir='ltr'><strong>seres,</strong></span> <span class='ocrx_word' id='word_1_167' title='bbox 757 3185 816 3222; x_wconf 87' lang='lat' dir='ltr'><strong>cum</strong></span> <span class='ocrx_word' id='word_1_168' title='bbox 836 3167 869 3222; x_wconf 82' lang='lat' dir='ltr'><strong>nd</strong></span> <span class='ocrx_word' id='word_1_169' title='bbox 889 3167 969 3223; x_wconf 79' lang='lat' dir='ltr'><strong>emico</strong></span> 
     </span>
     <span class='ocr_line' id='line_1_26' title="bbox 91 3258 867 3359; baseline 0.003 -69"><span class='ocrx_word' id='word_1_170' title='bbox 91 3258 867 3359; x_wconf 37' lang='lat' dir='ltr'><strong>W*</strong></span> 
     </span>
    </p>
   </div>
   <div class='ocr_carea' id='block_1_9' title="bbox 869 3279 1003 3291">
    <p class='ocr_par' dir='ltr' id='par_1_10' title="bbox 869 3279 1003 3291">
     <span class='ocr_line' id='line_1_27' title="bbox 869 3279 1003 3291; baseline 0 -9"><span class='ocrx_word' id='word_1_171' title='bbox 869 3279 1003 3291; x_wconf 50' lang='lat'><em>---—-*</em></span> 
     </span>
    </p>
   </div>
   <div class='ocr_carea' id='block_1_10' title="bbox 0 0 1266 3844">
    <p class='ocr_par' dir='ltr' id='par_1_11' title="bbox 0 0 1266 3844">
     <span class='ocr_line' id='line_1_28' title="bbox 0 0 1266 3844; baseline 0 2"><span class='ocrx_word' id='word_1_172' title='bbox 0 0 1266 3844; x_wconf 95' lang='lat' dir='ltr'><strong> </strong></span> 
     </span>
    </p>
   </div>
  </div>
 </body>
</html>
