2528 3850
258 341 352 348 —--

295 437 342 482 222
549 436 597 485 DE
616 436 832 491 ῙΜῙΤΛΤῙΟΝΕ

293 571 349 639 tia3
365 571 421 628 'lua
429 590 500 628 sacra
510 574 646 643 institutio,
657 594 708 632 non
716 578 824 634 hominis
836 579 988 636 adinventio.
1025 583 1087 638 Non

293 677 361 732 anim
378 679 411 732 ad
432 680 487 734 hac
505 680 627 751 capienda
647 686 673 738 et
691 683 856 756 intelligenda
870 684 961 756 aliquis
979 685 1086 742 idoneus

294 801 340 855 per
351 803 378 840 se
386 786 518 857 reperitur,
532 805 588 857 que
600 789 738 860 angelicam
750 792 827 847 etiam
838 792 1006 848 subtilitatem
1018 807 1086 848 tren-

294 891 427 948 occndunt.
463 893 534 952 Quid
551 912 613 966 ergo
629 914 684 968 ego,
696 902 814 969 peccator
832 897 959 969 indignus,
972 901 1042 953 terra
1058 903 1087 953 et

294 999 365 1066 cinis,
378 999 410 1055 de
427 1003 480 1054 tam
499 999 551 1054 alto
568 1018 640 1056 sacro
661 1005 759 1056 secreto
779 999 869 1072 potero
889 1003 1042 1074 investigem
1058 1008 1087 1058 et
1135 1056 1138 1071 ,

294 1108 404 1178 merel
1136 1090 1138 1113 ³

330 1218 354 1270 2.
372 1213 496 1278 Doumn,
509 1212 536 1267 iu
547 1211 709 1283 simplicitate
720 1211 803 1268 cordis
821 1212 878 1278 mei,
891 1212 919 1268 in
935 1213 1001 1270 bona
1012 1215 1088 1270 firma
1146 1280 1148 1291 Ι

294 1319 351 1387 ilde,
359 1322 386 1374 et
397 1319 425 1373 in
436 1319 492 1372 'lua
499 1317 621 1389 jussione,
632 1317 665 1373 ad
676 1319 713 1373 'Pa
724 1335 783 1374 oum
794 1336 839 1390 ape
851 1335 880 1373 ac
892 1319 1035 1374 reverentia
1045 1338 1087 1375 ac
1147 1344 1149 1353 s

294 1424 356 1482 cedo
367 1445 375 1491 ;
392 1427 418 1479 at
430 1441 489 1479 vere
509 1423 583 1479 cnudo
596 1424 656 1495 quia
671 1423 711 1479 Tu
727 1441 838 1496 presens
853 1443 881 1480 es
898 1425 940 1481 hic
957 1425 985 1480 in
999 1426 1088 1482 Sacra·

294 1533 387 1595 mento,
400 1529 479 1584 Deus
497 1533 524 1585 et
541 1529 623 1585 homo.
659 1530 708 1586 Vis
724 1548 785 1602 ergo
801 1533 832 1585 ut
848 1531 885 1586 'l'e
902 1531 1044 1602 suscipiam,
1058 1537 1088 1587 et

294 1654 334 1691 me
348 1637 433 1707 ipsum
449 1635 507 1690 Tibi
523 1635 551 1690 in
566 1636 672 1691 caritate
688 1637 781 1691 uniam
817 1635 894 1691 Unde
905 1635 985 1690 Tuam
996 1654 1088 1707 precor

294 1741 459 1807 clementiam,
472 1745 499 1796 et
511 1741 644 1812 specialem
662 1739 763 1796 adhoc
782 1740 889 1812 imploro
912 1741 974 1796 mihi
997 1740 1089 1797 donari

294 1851 408 1922 gratiam
421 1852 451 1903 ut
467 1851 539 1902 totus
550 1849 577 1902 in
592 1847 629 1902 Te
646 1847 772 1918 liquefiam
786 1849 812 1902 et
828 1865 912 1903 amore
933 1848 1087 1918 pereffluam,

295 1960 371 2027 atque
383 1955 414 2011 dc
424 1955 494 2010 nulla
505 1955 586 2009 aliena
602 1954 773 2010 consolatione
790 1954 897 2025 amplius
908 1973 949 2010 me
960 1955 1088 2010 intromit

294 2077 354 2118 tam.
390 2063 439 2118 nst
451 2063 518 2118 enim
529 2063 578 2118 hoc
596 2063 746 2118 altissimum
762 2068 789 2120 et
805 2064 982 2136 dignissimum
998 2065 1088 2118 Sacra-

294 2173 408 2225 mentum
436 2169 505 2224 salus
535 2171 623 2226 animae
645 2172 672 2225 et
702 2171 821 2243 conponis,
850 2143 975 2247 medicina
1003 2169 1087 2224 omnis

294 2282 431 2352 spiritualis
442 2282 571 2354 languoris
583 2302 590 2347 3
608 2283 635 2336 in
647 2300 697 2352 quo
712 2281 776 2337 vitia
792 2300 848 2336 mea
863 2285 991 2346 curantur,
1006 2283 1088 2352 passi·

294 2406 355 2443 ones
375 2388 514 2454 frenantur,
536 2389 690 2445 tentationes
710 2389 847 2445 vincuntur
862 2394 907 2446 aut
927 2391 1087 2461 minuuntur,
1159 2467 1163 2472 Ι

294 2495 376 2566 gratia
386 2497 466 2568 major
476 2496 627 2562 infunditur,
639 2497 721 2552 virtus
733 2497 834 2568 incepta
846 2501 960 2568 augetur,
969 2498 1087 2552 firmatur

294 2601 364 2666 fides,
377 2619 434 2672 spes
447 2601 588 2671 roboratur,
600 2607 627 2657 at
639 2605 731 2658 ceritas
743 2605 853 2674 ignescit
866 2621 895 2660 ao
907 2604 1036 2659 dilatatur.

328 2710 352 2763 3.
371 2708 457 2764 Multa
471 2726 579 2779 namque
595 2709 662 2765 bona
671 2709 778 2781 largitus
795 2727 830 2775 es,
849 2714 876 2765 et
893 2709 975 2765 adhuc
992 2710 1087 2781 sapius

293 2814 392 2886 largiris
419 2814 447 2869 in
465 2816 627 2870 Sacramento
649 2815 747 2870 dilectis
768 2815 829 2870 iliis
849 2815 939 2870 devote
958 2818 1087 2870 communi

293 2919 417 2986 cantibus,
429 2920 508 2975 Duos
519 2939 598 2987 meus,
610 2921 747 2991 Susceptor
759 2920 847 2977 anima
860 2939 928 2985 mee,
942 2921 1087 2991 Reparator

237 2987 240 3078 l
293 3026 446 3081 infirmitas
466 3026 588 3092 numana
605 3030 631 3082 ea
648 3027 729 3082 aetus
749 3026 833 3080 naar
853 3025 1030 3082 euentum
1047 3027 1086 3082 n-

293 3136 379 3186 terna.
415 3131 483 3188 Nam
501 3131 606 3186 multam
623 3131 685 3202 ipsis
702 3131 899 3187 consolationem
911 3131 1032 3187 advmsus
1043 3149 1087 3186 va·
