2546 3842
282 455 313 499 80
538 449 587 498 DE
606 449 823 498 IMITATIONE

282 588 313 638 tu
325 583 399 638 aliam
409 583 476 639 viam
488 584 587 655 queris,
600 603 675 655 quam
686 583 752 638 hano
767 583 863 654 regiam
874 581 948 650 viam,
962 602 1018 654 quse
1036 589 1076 640 est

282 689 324 744 via
335 693 428 744 sancta
441 689 541 744 crucis?

318 796 341 852 7.
360 795 426 849 Tota
436 795 490 850 vita
505 795 621 848 Cnnrsrr
639 793 702 849 crux
718 794 768 849 fuit
781 798 807 850 et
825 795 988 867 martyrium
1007 799 1033 850 et
1045 800 1075 850 tu

281 898 330 954 tibi
342 899 432 970 quaeris
443 899 557 970 requiem
572 903 599 954 et
613 899 753 971 gaudium?
771 901 856 966 Erras,
877 919 953 966 erras,
967 901 989 956 si
1006 901 1076 956 alind

282 1005 373 1074 qnaeris
398 1023 472 1075 quam
495 1005 550 1076 pati
572 1005 757 1070 tribulationes,
782 1006 842 1076 quia
864 1009 921 1061 tota
942 1006 993 1060 ista
1005 993 1007 999 ¹
1021 1006 1076 1062 vita

282 1115 396 1168 mortalis
419 1114 493 1186 plena
510 1119 549 1170 cst
566 1115 673 1170 miseriis
691 1118 718 1170 et
736 1116 932 1186 circunsignata
949 1116 1074 1191 crucibus.

282 1221 318 1274 Et
336 1223 430 1290 quanto
448 1219 523 1274 altius
541 1221 597 1290 quis
614 1221 642 1275 iu
659 1220 751 1292 spiritu
767 1221 909 1294 profecerit,
928 1225 1000 1278 tanto
1018 1242 1074 1294 gra

282 1326 364 1380 viores
382 1343 468 1381 cruces
484 1345 550 1398 sape
567 1327 685 1394 inveniet,
699 1328 758 1399 quia
769 1329 837 1384 exilii
849 1329 889 1385 sui
903 1347 978 1401 poena
992 1331 1073 1403 magis

281 1454 312 1490 ex
325 1453 409 1490 amore
421 1439 519 1491 oresc1t.

317 1543 340 1595 8.
361 1540 411 1596 Sed
427 1545 513 1598 tamen
529 1543 578 1598 iste
597 1543 633 1599 sic
646 1544 820 1616 multipliciter
837 1546 943 1602 afflictus
961 1565 1013 1601 non
1031 1553 1072 1603 est

282 1652 335 1707 sine
347 1649 469 1706 levamine
481 1650 665 1717 consolationis,
679 1652 738 1723 quia
748 1653 861 1708 fructum
872 1654 1011 1709 maximum
1025 1655 1074 1710 sibi

282 1757 360 1812 sentit
371 1774 513 1812 accrescere
524 1775 557 1812 ex
571 1758 716 1812 sufferentia
732 1777 784 1814 sua
800 1760 889 1814 crocis.
926 1761 994 1815 Nam
1011 1761 1073 1816 dum

282 1873 372 1940 sponte
388 1887 415 1923 se
431 1867 468 1923 illi
485 1868 594 1941 subjicit,
613 1887 687 1924 omne
702 1888 766 1925 onus
781 1871 951 1940 tribulationis
967 1872 995 1927 in
1009 1873 1072 1926 fidu·

282 1979 346 2034 ciam
358 1979 448 2034 dimna
460 1979 636 2034 consolationis
653 1979 815 2034 convertitur.
851 1980 887 2034 Et
902 1983 997 2050 quanto
1015 1999 1074 2035 caro

282 2086 361 2158 magis
377 2104 423 2156 per
438 2085 597 2140 affiictionem
614 2085 740 2152 atteritur,
757 2088 830 2141 tanto
846 2087 950 2158 spiritns
967 2087 1074 2158 amplius

282 2209 327 2261 per
346 2191 471 2245 internam
492 2190 599 2261 gratiam
617 2190 757 2245 roboratm.
793 2189 829 2245 Et
847 2209 1028 2261 nonnunquam
1047 2191 1075 2246 in

282 2301 382 2351 tantum
400 2296 558 2351 coufortatm
575 2315 607 2351 ex
623 2297 716 2353 affectu
731 2297 902 2353 tribulationis
919 2301 946 2352 et
966 2298 1074 2354 adversi·
1124 2339 1125 2342 ,

283 2403 353 2467 tatis,
363 2402 395 2457 ob
404 2420 515 2456 amorem
527 2403 710 2459 conformitatis
720 2405 802 2460 crucis
813 2405 972 2472 enmsrrut
981 2425 1009 2462 se
1018 2407 1075 2462 siue

283 2507 368 2563 dolore
380 2512 406 2563 et
417 2507 579 2564 tribulatione
591 2528 646 2566 esse
657 2528 709 2564 non
724 2510 807 2576 vellet,
825 2511 943 2582 quoniam
958 2515 1032 2566 tanto
1048 2531 1075 2567 se

283 2615 449 2686 acceptiorem
460 2614 521 2668 Duo
530 2614 617 2682 credit,
628 2619 723 2687 quanto
731 2616 805 2687 plura
816 2620 843 2672 et
851 2617 968 2688 graviora
978 2637 1025 2690 pro
1037 2620 1075 2672 Eo

283 2722 393 2794 perferre
409 2721 529 2793 potuerit.
565 2721 627 2776 Non
644 2726 683 2776 est
700 2721 771 2776 istud
788 2721 896 2776 hominis
919 2721 1009 2787 virtus,
1031 2721 1075 2778 sed

283 2829 365 2901 gratia
377 2829 499 2894 Onarsrr,
510 2847 566 2900 qma
576 2831 650 2885 tanta
659 2832 746 2900 potest
758 2833 784 2884 et
796 2829 849 2901 agit
858 2830 886 2884 in
897 2847 971 2884 carne
983 2830 1073 2902 fragili,

282 2940 320 3002 ut,
334 2934 402 3006 quod
416 2935 566 2990 mamurra
581 2954 680 3007 semper
695 2935 813 2992 abhorret
829 2939 855 2990 et
871 2936 946 3008 fugit,
963 2936 1012 2993 hoo
1027 2937 1076 2992 fer-

282 3061 342 3099 vore
354 3043 458 3114 spiritus
470 3043 632 3115 aggrediatur
643 3045 670 3098 et
682 3043 778 3115 diligat.

317 3151 342 3204 9.
361 3149 423 3204 Non
433 3152 473 3204 est
485 3148 623 3204 secundum
632 3148 761 3204 homiuem
776 3167 877 3206 crucem
892 3153 1002 3223 portare,
1021 3170 1074 3208 oru-
