<?xml version="1.0" encoding="UTF-8"?>
<!DOCTYPE html PUBLIC "-//W3C//DTD XHTML 1.0 Transitional//EN"
    "http://www.w3.org/TR/xhtml1/DTD/xhtml1-transitional.dtd">
<html xmlns="http://www.w3.org/1999/xhtml" xml:lang="en" lang="en">
 <head>
  <title>
</title>
<meta http-equiv="Content-Type" content="text/html;charset=utf-8" />
  <meta name='ocr-system' content='tesseract 3.04.00' />
  <meta name='ocr-capabilities' content='ocr_page ocr_carea ocr_par ocr_line ocrx_word'/>
</head>
<body>
  <div class='ocr_page' id='page_1' title='image "./deimitationechr01thomgoog_0251.png"; bbox 0 0 2528 3850; ppageno 0'>
   <div class='ocr_carea' id='block_1_1' title="bbox 266 425 805 478">
    <p class='ocr_par' dir='ltr' id='par_1_1' title="bbox 266 425 805 478">
     <span class='ocr_line' id='line_1_1' title="bbox 266 425 805 478; baseline -0.002 -2"><span class='ocrx_word' id='word_1_1' title='bbox 266 430 312 478; x_wconf 78' lang='lat'><strong>236</strong></span> <span class='ocrx_word' id='word_1_2' title='bbox 522 425 570 474; x_wconf 77' lang='lat' dir='ltr'><strong>DE</strong></span> <span class='ocrx_word' id='word_1_3' title='bbox 589 425 805 475; x_wconf 80' lang='lat' dir='ltr'><strong>IMITATIONE</strong></span> 
     </span>
    </p>
   </div>
   <div class='ocr_carea' id='block_1_2' title="bbox 262 557 1056 1370">
    <p class='ocr_par' dir='ltr' id='par_1_2' title="bbox 262 557 1056 1370">
     <span class='ocr_line' id='line_1_2' title="bbox 266 557 1055 630; baseline -0.011 -9"><span class='ocrx_word' id='word_1_4' title='bbox 266 563 369 622; x_wconf 77' lang='lat' dir='ltr'><strong>Quanto</strong></span> <span class='ocrx_word' id='word_1_5' title='bbox 385 560 460 616; x_wconf 90' lang='lat' dir='ltr'><strong>citius</strong></span> <span class='ocrx_word' id='word_1_6' title='bbox 477 559 581 626; x_wconf 67' lang='lat' dir='ltr'><strong>vallese</strong></span> <span class='ocrx_word' id='word_1_7' title='bbox 597 558 717 630; x_wconf 74' lang='lat' dir='ltr'><strong>praesenti</strong></span> <span class='ocrx_word' id='word_1_8' title='bbox 732 558 860 630; x_wconf 82' lang='lat' dir='ltr'><strong>gravitate</strong></span> <span class='ocrx_word' id='word_1_9' title='bbox 880 561 907 612; x_wconf 86' lang='lat' dir='ltr'><strong>et</strong></span> <span class='ocrx_word' id='word_1_10' title='bbox 922 557 1014 612; x_wconf 84' lang='lat' dir='ltr'><strong>inertie</strong></span> <span class='ocrx_word' id='word_1_11' title='bbox 1027 561 1055 613; x_wconf 87' lang='lat' dir='ltr'><strong>te</strong></span> 
     </span>
     <span class='ocr_line' id='line_1_3' title="bbox 264 661 1056 736; baseline -0.006 -15"><span class='ocrx_word' id='word_1_12' title='bbox 264 667 393 731; x_wconf 81' lang='lat' dir='ltr'><strong>exentias3</strong></span> <span class='ocrx_word' id='word_1_13' title='bbox 413 665 472 736; x_wconf 80' lang='lat' dir='ltr'><strong>quiae</strong></span> <span class='ocrx_word' id='word_1_14' title='bbox 500 665 564 720; x_wconf 85' lang='lat' dir='ltr'><strong>nihil</strong></span> <span class='ocrx_word' id='word_1_15' title='bbox 586 663 707 734; x_wconf 80' lang='lat' dir='ltr'><strong>importat</strong></span> <span class='ocrx_word' id='word_1_16' title='bbox 731 663 777 718; x_wconf 86' lang='lat' dir='ltr'><strong>diu</strong></span> <span class='ocrx_word' id='word_1_17' title='bbox 799 662 903 728; x_wconf 85' lang='lat' dir='ltr'><strong>anxiari,</strong></span> <span class='ocrx_word' id='word_1_18' title='bbox 929 661 973 717; x_wconf 90' lang='lat' dir='ltr'><strong>diu</strong></span> <span class='ocrx_word' id='word_1_19' title='bbox 996 680 1056 716; x_wconf 91' lang='lat' dir='ltr'><strong>curu</strong></span> 
     </span>
     <span class='ocr_line' id='line_1_4' title="bbox 263 767 1056 841; baseline -0.008 -15"><span class='ocrx_word' id='word_1_20' title='bbox 263 770 407 828; x_wconf 81' lang='lat' dir='ltr'><strong>turbatione</strong></span> <span class='ocrx_word' id='word_1_21' title='bbox 429 770 545 835; x_wconf 80' lang='lat' dir='ltr'><strong>transire,</strong></span> <span class='ocrx_word' id='word_1_22' title='bbox 565 773 592 824; x_wconf 90' lang='lat' dir='ltr'><strong>ct</strong></span> <span class='ocrx_word' id='word_1_23' title='bbox 610 769 642 825; x_wconf 94' lang='lat' dir='ltr'><strong>ob</strong></span> <span class='ocrx_word' id='word_1_24' title='bbox 667 769 814 841; x_wconf 83' lang='lat' dir='ltr'><strong>quotidiana</strong></span> <span class='ocrx_word' id='word_1_25' title='bbox 837 767 968 823; x_wconf 84' lang='lat' dir='ltr'><strong>obstacula</strong></span> <span class='ocrx_word' id='word_1_26' title='bbox 991 785 1020 821; x_wconf 89' lang='lat' dir='ltr'><strong>sc</strong></span> <span class='ocrx_word' id='word_1_27' title='bbox 1040 783 1056 820; x_wconf 88' lang='lat' dir='ltr'><strong>a</strong></span> 
     </span>
     <span class='ocr_line' id='line_1_5' title="bbox 263 871 1054 948; baseline -0.01 -16"><span class='ocrx_word' id='word_1_28' title='bbox 263 876 363 932; x_wconf 80' lang='lat' dir='ltr'><strong>Divinis</strong></span> <span class='ocrx_word' id='word_1_29' title='bbox 375 879 540 948; x_wconf 85' lang='lat' dir='ltr'><strong>sequestrare.</strong></span> <span class='ocrx_word' id='word_1_30' title='bbox 577 874 659 929; x_wconf 83' lang='lat' dir='ltr'><strong>Immo</strong></span> <span class='ocrx_word' id='word_1_31' title='bbox 670 874 807 946; x_wconf 80' lang='lat' dir='ltr'><strong>plurimum</strong></span> <span class='ocrx_word' id='word_1_32' title='bbox 818 876 901 938; x_wconf 88' lang='lat' dir='ltr'><strong>nocet,</strong></span> <span class='ocrx_word' id='word_1_33' title='bbox 916 871 960 926; x_wconf 90' lang='lat' dir='ltr'><strong>diu</strong></span> <span class='ocrx_word' id='word_1_34' title='bbox 979 871 1054 925; x_wconf 86' lang='lat' dir='ltr'><strong>Com-</strong></span> 
     </span>
     <span class='ocr_line' id='line_1_6' title="bbox 263 980 1054 1052; baseline -0.009 -16"><span class='ocrx_word' id='word_1_35' title='bbox 263 983 406 1038; x_wconf 89' lang='lat' dir='ltr'><strong>munioncm</strong></span> <span class='ocrx_word' id='word_1_36' title='bbox 417 980 558 1052; x_wconf 83' lang='lat' dir='ltr'><strong>protelera;</strong></span> <span class='ocrx_word' id='word_1_37' title='bbox 576 998 635 1036; x_wconf 90' lang='lat' dir='ltr'><strong>nam</strong></span> <span class='ocrx_word' id='word_1_38' title='bbox 647 983 673 1035; x_wconf 91' lang='lat' dir='ltr'><strong>ct</strong></span> <span class='ocrx_word' id='word_1_39' title='bbox 685 997 788 1052; x_wconf 77' lang='lat' dir='ltr'><strong>gravem</strong></span> <span class='ocrx_word' id='word_1_40' title='bbox 804 981 933 1048; x_wconf 90' lang='lat' dir='ltr'><strong>torporem</strong></span> <span class='ocrx_word' id='word_1_41' title='bbox 950 992 1054 1031; x_wconf 88' lang='lat' dir='ltr'><strong>consue-</strong></span> 
     </span>
     <span class='ocr_line' id='line_1_7' title="bbox 262 1083 1055 1159; baseline -0.006 -17"><span class='ocrx_word' id='word_1_42' title='bbox 262 1088 300 1142; x_wconf 87' lang='lat' dir='ltr'><strong>vit</strong></span> <span class='ocrx_word' id='word_1_43' title='bbox 320 1087 445 1143; x_wconf 80' lang='lat' dir='ltr'><strong>inducere.</strong></span> <span class='ocrx_word' id='word_1_44' title='bbox 481 1088 551 1143; x_wconf 89' lang='lat' dir='ltr'><strong>Proh</strong></span> <span class='ocrx_word' id='word_1_45' title='bbox 567 1087 651 1142; x_wconf 92' lang='lat' dir='ltr'><strong>dolor!</strong></span> <span class='ocrx_word' id='word_1_46' title='bbox 678 1086 780 1159; x_wconf 89' lang='lat' dir='ltr'><strong>quidam</strong></span> <span class='ocrx_word' id='word_1_47' title='bbox 796 1084 877 1157; x_wconf 86' lang='lat' dir='ltr'><strong>tepidi</strong></span> <span class='ocrx_word' id='word_1_48' title='bbox 892 1087 919 1139; x_wconf 89' lang='lat' dir='ltr'><strong>ct</strong></span> <span class='ocrx_word' id='word_1_49' title='bbox 937 1083 1055 1138; x_wconf 82' lang='lat' dir='ltr'><strong>dissoluti</strong></span> 
     </span>
     <span class='ocr_line' id='line_1_8' title="bbox 262 1189 1055 1264; baseline -0.01 -15"><span class='ocrx_word' id='word_1_50' title='bbox 262 1213 344 1250; x_wconf 85' lang='lat' dir='ltr'><strong>moras</strong></span> <span class='ocrx_word' id='word_1_51' title='bbox 362 1192 498 1250; x_wconf 87' lang='lat' dir='ltr'><strong>confitendi</strong></span> <span class='ocrx_word' id='word_1_52' title='bbox 517 1194 625 1248; x_wconf 86' lang='lat' dir='ltr'><strong>libenter</strong></span> <span class='ocrx_word' id='word_1_53' title='bbox 646 1193 781 1264; x_wconf 80' lang='lat' dir='ltr'><strong>ascipiunt,</strong></span> <span class='ocrx_word' id='word_1_54' title='bbox 799 1194 827 1248; x_wconf 89' lang='lat' dir='ltr'><strong>et</strong></span> <span class='ocrx_word' id='word_1_55' title='bbox 848 1189 1055 1246; x_wconf 78' lang='lat' dir='ltr'><strong>communionem</strong></span> 
     </span>
     <span class='ocr_line' id='line_1_9' title="bbox 262 1295 1054 1370; baseline -0.006 -16"><span class='ocrx_word' id='word_1_56' title='bbox 262 1317 357 1355; x_wconf 90' lang='lat' dir='ltr'><strong>sacram</strong></span> <span class='ocrx_word' id='word_1_57' title='bbox 380 1299 474 1354; x_wconf 90' lang='lat' dir='ltr'><strong>idcirco</strong></span> <span class='ocrx_word' id='word_1_58' title='bbox 496 1299 591 1354; x_wconf 85' lang='lat' dir='ltr'><strong>differri</strong></span> <span class='ocrx_word' id='word_1_59' title='bbox 614 1299 727 1370; x_wconf 89' lang='lat' dir='ltr'><strong>eupiunt,</strong></span> <span class='ocrx_word' id='word_1_60' title='bbox 751 1316 784 1353; x_wconf 87' lang='lat' dir='ltr'><strong>ne</strong></span> <span class='ocrx_word' id='word_1_61' title='bbox 808 1296 840 1352; x_wconf 81' lang='lat' dir='ltr'><strong>ed</strong></span> <span class='ocrx_word' id='word_1_62' title='bbox 868 1296 989 1368; x_wconf 85' lang='lat' dir='ltr'><strong>majorem</strong></span> <span class='ocrx_word' id='word_1_63' title='bbox 1013 1295 1054 1350; x_wconf 92' lang='lat' dir='ltr'><strong>sui</strong></span> 
     </span>
    </p>
   </div>
   <div class='ocr_carea' id='block_1_3' title="bbox 210 1405 1052 1687">
    <p class='ocr_par' dir='ltr' id='par_1_3' title="bbox 210 1405 1052 1687">
     <span class='ocr_line' id='line_1_10' title="bbox 261 1405 837 1475; baseline 0 -15"><span class='ocrx_word' id='word_1_64' title='bbox 261 1405 401 1460; x_wconf 84' lang='lat' dir='ltr'><strong>custodiam</strong></span> <span class='ocrx_word' id='word_1_65' title='bbox 413 1425 440 1461; x_wconf 90' lang='lat' dir='ltr'><strong>sc</strong></span> <span class='ocrx_word' id='word_1_66' title='bbox 452 1405 511 1461; x_wconf 82' lang='lat' dir='ltr'><strong>dare</strong></span> <span class='ocrx_word' id='word_1_67' title='bbox 523 1407 665 1460; x_wconf 86' lang='lat' dir='ltr'><strong>teneantur.</strong></span> <span class='ocrx_word' id='word_1_68' title='bbox 836 1467 837 1475; x_wconf 10' lang='grc' dir='ltr'>ἵ</span> 
     </span>
     <span class='ocr_line' id='line_1_11' title="bbox 210 1504 1051 1582; baseline -0.011 -15"><span class='ocrx_word' id='word_1_69' title='bbox 210 1549 213 1554; x_wconf 91' lang='grc'>-</span> <span class='ocrx_word' id='word_1_70' title='bbox 296 1515 319 1565; x_wconf 87' lang='grc'><strong>5.</strong></span> <span class='ocrx_word' id='word_1_71' title='bbox 340 1516 356 1540; x_wconf 77' lang='lat'><strong>‘¹</strong></span> <span class='ocrx_word' id='word_1_72' title='bbox 363 1512 431 1576; x_wconf 88' lang='lat' dir='ltr'><strong>Heu,</strong></span> <span class='ocrx_word' id='word_1_73' title='bbox 442 1529 517 1582; x_wconf 91' lang='lat' dir='ltr'><strong>quam</strong></span> <span class='ocrx_word' id='word_1_74' title='bbox 527 1509 651 1565; x_wconf 88' lang='lat' dir='ltr'><strong>modicam</strong></span> <span class='ocrx_word' id='word_1_75' title='bbox 660 1509 791 1565; x_wconf 82' lang='lat' dir='ltr'><strong>ceritatem</strong></span> <span class='ocrx_word' id='word_1_76' title='bbox 800 1511 827 1562; x_wconf 91' lang='lat' dir='ltr'><strong>et</strong></span> <span class='ocrx_word' id='word_1_77' title='bbox 836 1506 943 1562; x_wconf 88' lang='lat' dir='ltr'><strong>debilem</strong></span> <span class='ocrx_word' id='word_1_78' title='bbox 955 1504 1051 1560; x_wconf 87' lang='lat' dir='ltr'><strong>devoti-</strong></span> 
     </span>
     <span class='ocr_line' id='line_1_12' title="bbox 260 1611 1052 1687; baseline -0.004 -19"><span class='ocrx_word' id='word_1_79' title='bbox 260 1632 333 1668; x_wconf 89' lang='lat' dir='ltr'><strong>onem</strong></span> <span class='ocrx_word' id='word_1_80' title='bbox 350 1615 451 1680; x_wconf 83' lang='lat' dir='ltr'><strong>habent,</strong></span> <span class='ocrx_word' id='word_1_81' title='bbox 471 1615 515 1687; x_wconf 90' lang='lat' dir='ltr'><strong>qui</strong></span> <span class='ocrx_word' id='word_1_82' title='bbox 531 1633 627 1670; x_wconf 87' lang='lat' dir='ltr'><strong>sacram</strong></span> <span class='ocrx_word' id='word_1_83' title='bbox 645 1614 854 1670; x_wconf 73' lang='lat' dir='ltr'><strong>communionem</strong></span> <span class='ocrx_word' id='word_1_84' title='bbox 870 1616 925 1668; x_wconf 89' lang='lat' dir='ltr'><strong>tam</strong></span> <span class='ocrx_word' id='word_1_85' title='bbox 943 1611 1052 1667; x_wconf 89' lang='lat' dir='ltr'><strong>feciliter</strong></span> 
     </span>
    </p>
   </div>
   <div class='ocr_carea' id='block_1_4' title="bbox 255 1717 1050 3166">
    <p class='ocr_par' dir='ltr' id='par_1_4' title="bbox 256 1717 1050 2739">
     <span class='ocr_line' id='line_1_13' title="bbox 259 1717 1046 1791; baseline -0.004 -17"><span class='ocrx_word' id='word_1_86' title='bbox 259 1721 429 1791; x_wconf 88' lang='lat' dir='ltr'><strong>postponunt!</strong></span> <span class='ocrx_word' id='word_1_87' title='bbox 451 1720 535 1779; x_wconf 79' lang='lat' dir='ltr'><strong>Quam</strong></span> <span class='ocrx_word' id='word_1_88' title='bbox 546 1720 607 1774; x_wconf 74' lang='lat' dir='ltr'><strong>felir</strong></span> <span class='ocrx_word' id='word_1_89' title='bbox 618 1720 661 1775; x_wconf 91' lang='lat' dir='ltr'><strong>illa</strong></span> <span class='ocrx_word' id='word_1_90' title='bbox 679 1724 705 1775; x_wconf 90' lang='lat' dir='ltr'><strong>et</strong></span> <span class='ocrx_word' id='word_1_91' title='bbox 722 1720 784 1774; x_wconf 81' lang='lat' dir='ltr'><strong>Duo</strong></span> <span class='ocrx_word' id='word_1_92' title='bbox 800 1722 920 1790; x_wconf 85' lang='lat' dir='ltr'><strong>acceptus</strong></span> <span class='ocrx_word' id='word_1_93' title='bbox 936 1717 1046 1772; x_wconf 88' lang='lat' dir='ltr'><strong>habetur</strong></span> 
     </span>
     <span class='ocr_line' id='line_1_14' title="bbox 260 1827 1050 1901; baseline -0.003 -19"><span class='ocrx_word' id='word_1_94' title='bbox 260 1827 303 1898; x_wconf 94' lang='lat' dir='ltr'><strong>qui</strong></span> <span class='ocrx_word' id='word_1_95' title='bbox 326 1827 362 1883; x_wconf 91' lang='lat' dir='ltr'><strong>sic</strong></span> <span class='ocrx_word' id='word_1_96' title='bbox 385 1828 455 1894; x_wconf 84' lang='lat' dir='ltr'><strong>vivit,</strong></span> <span class='ocrx_word' id='word_1_97' title='bbox 478 1831 504 1883; x_wconf 88' lang='lat' dir='ltr'><strong>ct</strong></span> <span class='ocrx_word' id='word_1_98' title='bbox 524 1828 618 1884; x_wconf 80' lang='lat' dir='ltr'><strong>intuli</strong></span> <span class='ocrx_word' id='word_1_99' title='bbox 640 1830 752 1901; x_wconf 85' lang='lat' dir='ltr'><strong>puritate</strong></span> <span class='ocrx_word' id='word_1_100' title='bbox 776 1827 954 1884; x_wconf 80' lang='lat' dir='ltr'><strong>conscientium</strong></span> <span class='ocrx_word' id='word_1_101' title='bbox 978 1844 1050 1880; x_wconf 78' lang='lat' dir='ltr'><strong>suam</strong></span> 
     </span>
     <span class='ocr_line' id='line_1_15' title="bbox 259 1934 1050 2004; baseline -0.004 -15"><span class='ocrx_word' id='word_1_102' title='bbox 259 1934 377 2000; x_wconf 88' lang='lat' dir='ltr'><strong>custodit,</strong></span> <span class='ocrx_word' id='word_1_103' title='bbox 402 1939 431 1988; x_wconf 90' lang='lat' dir='ltr'><strong>ut</strong></span> <span class='ocrx_word' id='word_1_104' title='bbox 450 1935 527 1990; x_wconf 90' lang='lat' dir='ltr'><strong>ctiam</strong></span> <span class='ocrx_word' id='word_1_105' title='bbox 545 1936 613 1990; x_wconf 91' lang='lat' dir='ltr'><strong>omni</strong></span> <span class='ocrx_word' id='word_1_106' title='bbox 636 1936 677 1990; x_wconf 92' lang='lat' dir='ltr'><strong>die</strong></span> <span class='ocrx_word' id='word_1_107' title='bbox 698 1935 881 1990; x_wconf 79' lang='lat' dir='ltr'><strong>communicare</strong></span> <span class='ocrx_word' id='word_1_108' title='bbox 899 1935 1003 2004; x_wconf 82' lang='lat' dir='ltr'><strong>paratus</strong></span> <span class='ocrx_word' id='word_1_109' title='bbox 1022 1935 1050 1986; x_wconf 85' lang='lat' dir='ltr'><strong>et</strong></span> 
     </span>
     <span class='ocr_line' id='line_1_16' title="bbox 258 2040 1050 2110; baseline -0.003 -16"><span class='ocrx_word' id='word_1_110' title='bbox 258 2040 322 2095; x_wconf 89' lang='lat' dir='ltr'><strong>benc</strong></span> <span class='ocrx_word' id='word_1_111' title='bbox 338 2041 470 2096; x_wconf 78' lang='lat' dir='ltr'><strong>affectatus</strong></span> <span class='ocrx_word' id='word_1_112' title='bbox 489 2047 563 2108; x_wconf 88' lang='lat' dir='ltr'><strong>esset,</strong></span> <span class='ocrx_word' id='word_1_113' title='bbox 583 2042 605 2098; x_wconf 90' lang='lat' dir='ltr'><strong>si</strong></span> <span class='ocrx_word' id='word_1_114' title='bbox 622 2043 647 2098; x_wconf 88' lang='lat' dir='ltr'><strong>ci</strong></span> <span class='ocrx_word' id='word_1_115' title='bbox 663 2043 759 2108; x_wconf 89' lang='lat' dir='ltr'><strong>liceret,</strong></span> <span class='ocrx_word' id='word_1_116' title='bbox 778 2045 805 2097; x_wconf 89' lang='lat' dir='ltr'><strong>et</strong></span> <span class='ocrx_word' id='word_1_117' title='bbox 823 2041 877 2096; x_wconf 86' lang='lat' dir='ltr'><strong>sine</strong></span> <span class='ocrx_word' id='word_1_118' title='bbox 894 2043 956 2095; x_wconf 90' lang='lat' dir='ltr'><strong>nota</strong></span> <span class='ocrx_word' id='word_1_119' title='bbox 975 2057 1050 2110; x_wconf 84' lang='lat' dir='ltr'><strong>agere</strong></span> 
     </span>
     <span class='ocr_line' id='line_1_17' title="bbox 257 2141 1050 2218; baseline -0.003 -18"><span class='ocrx_word' id='word_1_120' title='bbox 257 2141 358 2215; x_wconf 83' lang='lat' dir='ltr'><strong>posset!</strong></span> <span class='ocrx_word' id='word_1_121' title='bbox 396 2147 423 2200; x_wconf 86' lang='lat' dir='ltr'><strong>Si</strong></span> <span class='ocrx_word' id='word_1_122' title='bbox 441 2147 496 2218; x_wconf 90' lang='lat' dir='ltr'><strong>quis</strong></span> <span class='ocrx_word' id='word_1_123' title='bbox 515 2147 643 2202; x_wconf 86' lang='lat' dir='ltr'><strong>interdum</strong></span> <span class='ocrx_word' id='word_1_124' title='bbox 659 2147 770 2204; x_wconf 86' lang='lat' dir='ltr'><strong>abstinet</strong></span> <span class='ocrx_word' id='word_1_125' title='bbox 789 2146 949 2216; x_wconf 86' lang='lat' dir='ltr'><strong>humilitatis,</strong></span> <span class='ocrx_word' id='word_1_126' title='bbox 967 2145 1050 2216; x_wconf 86' lang='lat' dir='ltr'><strong>gratia</strong></span> 
     </span>
     <span class='ocr_line' id='line_1_18' title="bbox 258 2249 1045 2323; baseline 0 -19"><span class='ocrx_word' id='word_1_127' title='bbox 258 2252 302 2304; x_wconf 86' lang='lat' dir='ltr'><strong>aut</strong></span> <span class='ocrx_word' id='word_1_128' title='bbox 318 2250 432 2322; x_wconf 88' lang='lat' dir='ltr'><strong>legitima</strong></span> <span class='ocrx_word' id='word_1_129' title='bbox 446 2252 598 2323; x_wconf 86' lang='lat' dir='ltr'><strong>impediente</strong></span> <span class='ocrx_word' id='word_1_130' title='bbox 614 2270 696 2318; x_wconf 60' lang='lat' dir='ltr'><strong>causa„</strong></span> <span class='ocrx_word' id='word_1_131' title='bbox 710 2252 849 2308; x_wconf 81' lang='lat' dir='ltr'><strong>laudandus</strong></span> <span class='ocrx_word' id='word_1_132' title='bbox 862 2254 901 2306; x_wconf 91' lang='lat' dir='ltr'><strong>cst</strong></span> <span class='ocrx_word' id='word_1_133' title='bbox 913 2249 944 2305; x_wconf 90' lang='lat' dir='ltr'><strong>dc</strong></span> <span class='ocrx_word' id='word_1_134' title='bbox 962 2269 1045 2304; x_wconf 85' lang='lat' dir='ltr'><strong>rerer-</strong></span> 
     </span>
     <span class='ocr_line' id='line_1_19' title="bbox 257 2355 1045 2430; baseline 0.001 -22"><span class='ocrx_word' id='word_1_135' title='bbox 257 2355 341 2410; x_wconf 88' lang='lat' dir='ltr'><strong>entia:</strong></span> <span class='ocrx_word' id='word_1_136' title='bbox 367 2356 389 2410; x_wconf 86' lang='lat' dir='ltr'><strong>si</strong></span> <span class='ocrx_word' id='word_1_137' title='bbox 409 2361 494 2413; x_wconf 89' lang='lat' dir='ltr'><strong>autem</strong></span> <span class='ocrx_word' id='word_1_138' title='bbox 511 2361 599 2429; x_wconf 90' lang='lat' dir='ltr'><strong>torpor</strong></span> <span class='ocrx_word' id='word_1_139' title='bbox 617 2357 765 2430; x_wconf 87' lang='lat' dir='ltr'><strong>obrepserit,</strong></span> <span class='ocrx_word' id='word_1_140' title='bbox 784 2375 812 2412; x_wconf 93' lang='lat' dir='ltr'><strong>se</strong></span> <span class='ocrx_word' id='word_1_141' title='bbox 832 2357 915 2428; x_wconf 86' lang='lat' dir='ltr'><strong>ipsum</strong></span> <span class='ocrx_word' id='word_1_142' title='bbox 935 2357 1045 2411; x_wconf 85' lang='lat' dir='ltr'><strong>excitare</strong></span> 
     </span>
     <span class='ocr_line' id='line_1_20' title="bbox 256 2457 1047 2533; baseline 0.001 -20"><span class='ocrx_word' id='word_1_143' title='bbox 256 2457 338 2524; x_wconf 86' lang='lat' dir='ltr'><strong>debet,</strong></span> <span class='ocrx_word' id='word_1_144' title='bbox 358 2463 384 2514; x_wconf 92' lang='lat' dir='ltr'><strong>ct</strong></span> <span class='ocrx_word' id='word_1_145' title='bbox 402 2460 484 2516; x_wconf 83' lang='lat' dir='ltr'><strong>facere</strong></span> <span class='ocrx_word' id='word_1_146' title='bbox 507 2463 575 2533; x_wconf 89' lang='lat' dir='ltr'><strong>quod</strong></span> <span class='ocrx_word' id='word_1_147' title='bbox 592 2463 620 2517; x_wconf 92' lang='lat' dir='ltr'><strong>in</strong></span> <span class='ocrx_word' id='word_1_148' title='bbox 640 2482 668 2518; x_wconf 87' lang='lat' dir='ltr'><strong>se</strong></span> <span class='ocrx_word' id='word_1_149' title='bbox 689 2467 747 2530; x_wconf 81' lang='lat' dir='ltr'><strong>cst3</strong></span> <span class='ocrx_word' id='word_1_150' title='bbox 765 2468 792 2518; x_wconf 88' lang='lat' dir='ltr'><strong>et</strong></span> <span class='ocrx_word' id='word_1_151' title='bbox 811 2462 943 2517; x_wconf 80' lang='lat' dir='ltr'><strong>Dommus</strong></span> <span class='ocrx_word' id='word_1_152' title='bbox 964 2460 1047 2515; x_wconf 89' lang='lat' dir='ltr'><strong>aderit</strong></span> 
     </span>
     <span class='ocr_line' id='line_1_21' title="bbox 256 2562 1047 2638; baseline 0.008 -22"><span class='ocrx_word' id='word_1_153' title='bbox 256 2562 379 2618; x_wconf 87' lang='lat' dir='ltr'><strong>desiderio</strong></span> <span class='ocrx_word' id='word_1_154' title='bbox 397 2582 443 2618; x_wconf 90' lang='lat' dir='ltr'><strong>suo</strong></span> <span class='ocrx_word' id='word_1_155' title='bbox 459 2582 505 2635; x_wconf 88' lang='lat' dir='ltr'><strong>pro</strong></span> <span class='ocrx_word' id='word_1_156' title='bbox 520 2566 587 2621; x_wconf 89' lang='lat' dir='ltr'><strong>bona</strong></span> <span class='ocrx_word' id='word_1_157' title='bbox 604 2568 741 2634; x_wconf 86' lang='lat' dir='ltr'><strong>voluntate,</strong></span> <span class='ocrx_word' id='word_1_158' title='bbox 757 2586 832 2638; x_wconf 87' lang='lat' dir='ltr'><strong>quarn</strong></span> <span class='ocrx_word' id='word_1_159' title='bbox 848 2566 990 2638; x_wconf 82' lang='lat' dir='ltr'><strong>specialiter</strong></span> <span class='ocrx_word' id='word_1_160' title='bbox 1007 2585 1047 2622; x_wconf 85' lang='lat' dir='ltr'><strong>rc-</strong></span> 
     </span>
     <span class='ocr_line' id='line_1_22' title="bbox 258 2669 366 2739; baseline 0.037 -17"><span class='ocrx_word' id='word_1_161' title='bbox 258 2669 340 2739; x_wconf 86' lang='lat' dir='ltr'><strong>spioit.</strong></span> <span class='ocrx_word' id='word_1_162' title='bbox 364 2722 366 2726; x_wconf 85' lang='lat'><em>.</em></span> 
     </span>
    </p>

    <p class='ocr_par' dir='ltr' id='par_1_5' title="bbox 255 2775 1049 3166">
     <span class='ocr_line' id='line_1_23' title="bbox 291 2775 1049 2851; baseline 0.008 -23"><span class='ocrx_word' id='word_1_163' title='bbox 291 2777 315 2828; x_wconf 84' lang='lat'><strong>6.</strong></span> <span class='ocrx_word' id='word_1_164' title='bbox 329 2775 417 2830; x_wconf 81' lang='lat' dir='ltr'><strong>“Cum</strong></span> <span class='ocrx_word' id='word_1_165' title='bbox 426 2793 485 2830; x_wconf 83' lang='lat' dir='ltr'><strong>vero</strong></span> <span class='ocrx_word' id='word_1_166' title='bbox 494 2776 606 2848; x_wconf 87' lang='lat' dir='ltr'><strong>legitime</strong></span> <span class='ocrx_word' id='word_1_167' title='bbox 615 2777 768 2849; x_wconf 69' lang='lat' dir='ltr'><strong>prepeditus</strong></span> <span class='ocrx_word' id='word_1_168' title='bbox 778 2781 825 2844; x_wconf 86' lang='lat' dir='ltr'><strong>est,</strong></span> <span class='ocrx_word' id='word_1_169' title='bbox 834 2779 938 2834; x_wconf 83' lang='lat' dir='ltr'><strong>habebit</strong></span> <span class='ocrx_word' id='word_1_170' title='bbox 951 2797 1049 2851; x_wconf 86' lang='lat' dir='ltr'><strong>semper</strong></span> 
     </span>
     <span class='ocr_line' id='line_1_24' title="bbox 255 2879 1046 2952; baseline 0.008 -17"><span class='ocrx_word' id='word_1_171' title='bbox 255 2879 346 2936; x_wconf 85' lang='lat' dir='ltr'><strong>bouem</strong></span> <span class='ocrx_word' id='word_1_172' title='bbox 357 2879 513 2935; x_wconf 79' lang='lat' dir='ltr'><strong>voluntatem</strong></span> <span class='ocrx_word' id='word_1_173' title='bbox 525 2885 552 2936; x_wconf 90' lang='lat' dir='ltr'><strong>et</strong></span> <span class='ocrx_word' id='word_1_174' title='bbox 570 2881 637 2951; x_wconf 87' lang='lat' dir='ltr'><strong>piam</strong></span> <span class='ocrx_word' id='word_1_175' title='bbox 655 2881 824 2938; x_wconf 89' lang='lat' dir='ltr'><strong>intentionem</strong></span> <span class='ocrx_word' id='word_1_176' title='bbox 839 2886 1046 2952; x_wconf 87' lang='lat' dir='ltr'><strong>communicandi,</strong></span> 
     </span>
     <span class='ocr_line' id='line_1_25' title="bbox 255 2985 1046 3046; baseline 0.01 -7"><span class='ocrx_word' id='word_1_177' title='bbox 255 2987 281 3040; x_wconf 92' lang='lat' dir='ltr'><strong>ct</strong></span> <span class='ocrx_word' id='word_1_178' title='bbox 305 2985 342 3040; x_wconf 87' lang='lat' dir='ltr'><strong>sic</strong></span> <span class='ocrx_word' id='word_1_179' title='bbox 364 3003 415 3039; x_wconf 91' lang='lat' dir='ltr'><strong>non</strong></span> <span class='ocrx_word' id='word_1_180' title='bbox 439 2985 533 3040; x_wconf 89' lang='lat' dir='ltr'><strong>carebit</strong></span> <span class='ocrx_word' id='word_1_181' title='bbox 556 2985 643 3041; x_wconf 88' lang='lat' dir='ltr'><strong>fructu</strong></span> <span class='ocrx_word' id='word_1_182' title='bbox 666 2987 828 3044; x_wconf 77' lang='lat' dir='ltr'><strong>Sacramenti.</strong></span> <span class='ocrx_word' id='word_1_183' title='bbox 863 2989 955 3046; x_wconf 87' lang='lat' dir='ltr'><strong>Potest</strong></span> <span class='ocrx_word' id='word_1_184' title='bbox 978 2991 1046 3046; x_wconf 87' lang='lat' dir='ltr'><strong>euim</strong></span> 
     </span>
     <span class='ocr_line' id='line_1_26' title="bbox 255 3087 1046 3166; baseline 0.01 -23"><span class='ocrx_word' id='word_1_185' title='bbox 255 3089 360 3160; x_wconf 87' lang='lat' dir='ltr'><strong>quilibet</strong></span> <span class='ocrx_word' id='word_1_186' title='bbox 372 3087 479 3144; x_wconf 86' lang='lat' dir='ltr'><strong>devotus</strong></span> <span class='ocrx_word' id='word_1_187' title='bbox 491 3090 559 3145; x_wconf 88' lang='lat' dir='ltr'><strong>omni</strong></span> <span class='ocrx_word' id='word_1_188' title='bbox 577 3091 617 3146; x_wconf 91' lang='lat' dir='ltr'><strong>dic</strong></span> <span class='ocrx_word' id='word_1_189' title='bbox 638 3094 665 3147; x_wconf 91' lang='lat' dir='ltr'><strong>ct</strong></span> <span class='ocrx_word' id='word_1_190' title='bbox 681 3091 750 3146; x_wconf 85' lang='lat' dir='ltr'><strong>omni</strong></span> <span class='ocrx_word' id='word_1_191' title='bbox 766 3092 829 3148; x_wconf 84' lang='lat' dir='ltr'><strong>hora</strong></span> <span class='ocrx_word' id='word_1_192' title='bbox 843 3093 875 3150; x_wconf 87' lang='lat' dir='ltr'><strong>ed</strong></span> <span class='ocrx_word' id='word_1_193' title='bbox 891 3095 1046 3166; x_wconf 75' lang='lat' dir='ltr'><strong>spiritualem</strong></span> 
     </span>
    </p>
   </div>
   <div class='ocr_carea' id='block_1_5' title="bbox 0 0 1268 3850">
    <p class='ocr_par' dir='ltr' id='par_1_6' title="bbox 0 0 1268 3850">
     <span class='ocr_line' id='line_1_27' title="bbox 0 0 1268 3850; baseline 0 5"><span class='ocrx_word' id='word_1_194' title='bbox 0 0 1268 3850; x_wconf 95' lang='lat' dir='ltr'><strong> </strong></span> 
     </span>
    </p>
   </div>
  </div>
 </body>
</html>
