2546 3842
268 429 312 477 126
533 430 581 479 Du
600 427 818 478 IMITATIONE

298 569 323 619 5.
342 563 467 624 Quemne
485 565 527 620 elii
543 583 591 638 pro
606 566 643 622 Te
660 565 737 632 uliud,
754 563 922 636 quodeunque
939 561 1056 617 libuerit:

263 669 325 724 mihi
336 669 405 725 eliud
416 671 518 726 interim
526 671 562 726 nil
572 672 663 744 planet,
675 690 722 728 uec
733 671 850 744 plseebit,
859 670 910 726 nisi
921 669 969 735 Tu,
978 670 1057 725 Deus

262 792 341 841 meus,
356 776 418 847 Spes
430 795 494 842 meu,
507 777 580 833 Seius
598 781 700 833 eterne„
736 778 797 833 Non
814 776 933 843 retinebo,
950 795 997 832 uee
1016 777 1057 832 de-

262 881 359 951 predari
371 881 481 948 cessabo,
492 882 572 938 donee
583 883 666 955 grstia
673 883 730 938 'ius
737 885 888 950 revertatur,
896 883 1009 954 mihique
1017 882 1058 937 Tu

262 986 333 1042 intus
344 987 465 1058 loquaris.

297 1094 321 1148 6.
343 1094 433 1150 “Ense
445 1093 542 1150 adsum.
569 1095 637 1151 Beue
648 1094 706 1166 Ego
717 1093 751 1149 sd
761 1097 788 1149 te
799 1093 881 1159 venio,
892 1094 952 1165 quie
960 1094 1057 1149 venusti

261 1199 315 1254 Me.
350 1200 481 1272 Luerymae
489 1205 542 1256 tuse
549 1203 575 1256 et
585 1200 738 1256 desiderium
747 1200 837 1256 mmm
845 1204 905 1266 tue,
914 1199 1056 1256 humiliatio

261 1313 307 1362 tus
324 1312 351 1365 et
368 1309 487 1365 eoutnitio
501 1309 584 1365 cordis
602 1309 786 1365 inclinaverunt
798 1308 844 1364 Me
856 1312 883 1364 et
895 1307 1055 1364 sdduxenmt

261 1414 294 1469 ud
305 1417 357 1470 te.”

297 1522 321 1579 7.
339 1521 375 1576 Et
387 1521 456 1577 dixi:
474 1521 598 1587 Domus,
611 1521 728 1577 invocavi
745 1521 788 1586 Te,
806 1524 833 1576 et
849 1520 988 1577 desideravi
1004 1520 1055 1576 frui
1096 1535 1098 1589 g

260 1629 304 1693 Te,
316 1630 420 1699 penetus
433 1627 518 1682 omnis
527 1645 647 1699 respuere
659 1630 764 1699 propter
775 1627 819 1682 Te.
855 1626 896 1681 Tu
907 1627 974 1681 enim
986 1627 1055 1696 prior

260 1734 377 1788 excitasti
396 1752 436 1788 me
453 1736 483 1788 ut
507 1751 646 1804 quererem
666 1733 710 1787 Te.
748 1733 788 1787 Sis
812 1750 873 1802 ergo
897 1732 1052 1796 benedictus,

261 1839 383 1905 Domus,
406 1839 459 1898 Qui
480 1839 563 1895 fecisti
582 1839 648 1894 hune
666 1839 807 1895 bonitatem
827 1857 886 1893 cum
905 1857 977 1894 servo
998 1838 1053 1893 Tuo

260 1946 398 2002 seeundum
410 1945 600 2001 multitudinem
611 1944 788 2000 misericorde
800 1945 868 2000 uuae.
897 1943 968 2003 Quid
975 1944 1053 1999 hubet

211 2086 213 2099 ›
259 2053 328 2107 ultre
339 2052 422 2107 dicere
438 2069 528 2106 servus
543 2051 614 2106 'ium
629 2068 714 2106 eorum
727 2050 771 2115 Te,
790 2049 840 2104 nisi
851 2053 882 2103 ut
896 2048 1013 2104 humiliet
1025 2067 1052 2104 se

211 2222 212 2241 χ
259 2157 331 2213 valde
350 2161 409 2212 unte
429 2157 474 2222 Te,
494 2174 592 2212 memor
610 2173 710 2226 semper
727 2155 836 2227 propriu
859 2152 1002 2224 iniqmtetis
1025 2159 1052 2209 et

259 2265 383 2320 vilitatis?
401 2263 464 2319 Nou
474 2264 542 2319 enim
552 2267 591 2318 est
601 2261 888 2318 shnilisiuiineuuctis
894 2261 1051 2318 mirabilibus

210 2414 212 2429 .
258 2370 314 2427 eoeii
326 2374 353 2426 et
364 2373 447 2425 terrae.
484 2370 550 2424 Sunt
562 2387 639 2441 opera
650 2369 706 2423 'lim
716 2367 869 2432 benevelde,
880 2366 1050 2439 judiciavere,

258 2483 284 2534 et
295 2475 454 2549 providentia
465 2475 520 2530 Tus
530 2478 656 2546 reguntur
667 2475 792 2530 universe
828 2474 899 2528 Lens
917 2492 978 2546 ergo
994 2474 1051 2530 Tibi

257 2589 284 2639 et
295 2583 382 2656 gloria,
396 2582 419 2637 Ο
431 2581 517 2636 Patris
529 2581 672 2653 Sapientia:
691 2580 728 2637 Te
740 2578 826 2635 leudet
838 2583 865 2634 et
876 2578 1009 2635 benedicet
1021 2598 1050 2634 os

257 2707 348 2754 meum,
362 2687 445 2742 enims
456 2705 519 2753 mes,
532 2690 559 2742 et
571 2690 664 2742 cuncta
675 2690 760 2742 ereata
772 2686 854 2743 simu
