2524 3844
479 456 623 506 CHRISTI
647 457 669 506 1.
682 460 719 504 23.
965 460 1018 511 480

202 573 287 647 amora
299 591 423 648 (imru.
458 592 545 647 Multa
559 591 626 647 bora
639 595 713 664 potas
725 592 830 664 operari,
844 590 905 646 dum
919 611 995 648 sanus

202 679 247 766 ὀη
265 699 311 755 sed
320 699 470 768 infirmatus,
483 702 568 758 nesoio
583 702 644 774 quid
654 702 757 774 poteris.
793 702 873 758 Pauoi
885 721 917 759 ex
928 703 995 760 infir·

199 805 291 861 mitate
307 785 488 876 emendantur-3
507 809 544 864 sio
561 787 588 864 et
605 808 651 880 qui
666 808 776 863 multum
791 809 993 881 peregrinatus,

199 905 258 967 raro
270 913 467 970 sanctificantur.

200 1015 203 1022 '
236 1023 260 1075 5.
278 1020 341 1075 Noli
358 1021 483 1077 ooufidero
501 1039 577 1094 super
593 1021 687 1076 amieos
704 1023 732 1077 et
748 1022 884 1094 proximos,
903 1041 951 1079 neo
965 1023 993 1080 iu

161 1131 164 1136 ’
199 1129 314 1186 futurum
327 1132 400 1184 tuam
411 1129 512 1184 differas
524 1129 640 1194 salutem,
653 1129 713 1200 quia
724 1128 799 1183 citius
811 1128 992 1185 oblivisoentur

198 1237 240 1294 toi
255 1225 378 1304 hominosg
404 1256 480 1309 quam
503 1237 621 1292 autimas.
657 1235 752 1292 Melius
775 1240 816 1291 oet
838 1254 907 1291 nuno
929 1240 994 1292 tem·

198 1341 297 1412 pestive
304 1341 443 1414 providere,
452 1345 479 1398 et
488 1341 583 1412 aliquid
590 1341 651 1396 boni
657 1341 819 1413 praemittere,
829 1359 905 1412 quam
917 1360 993 1411 super

199 1447 306 1502 aliorum
317 1448 409 1504 auxilio
421 1466 530 1521 sperare.
567 1448 595 1503 Si
605 1465 657 1503 non
668 1466 751 1520 aspro
762 1448 856 1520 teipso
870 1448 993 1505 sollicitus

198 1552 281 1619 modo,
294 1553 351 1624 quis
363 1554 412 1610 erit
424 1553 546 1610 sollicitus
557 1573 604 1627 pro
615 1557 642 1610 te
657 1553 685 1610 iu
699 1555 806 1610 futoro?
836 1554 915 1611 Nune
928 1560 994 1612 tem-

198 1679 246 1732 pus
261 1666 300 1718 est
315 1663 388 1719 valde
405 1643 552 1736 pretiosum.
589 1667 663 1720 Nune
679 1670 736 1720 ruat
754 1666 994 1730 easaetenatone

198 1777 292 1843 tempus
308 1775 478 1843 acceptabilet
516 1773 566 1828 Sed
582 1773 647 1846 proh
663 1773 740 1841 dolor,
758 1775 827 1846 quod
841 1774 890 1829 hoo
904 1775 992 1831 utilius

196 1853 249 1932 uon
260 1877 387 1949 expendis,
400 1879 428 1934 in
445 1897 495 1950 quo
509 1880 647 1951 promereri
663 1881 739 1946 valea,
758 1881 826 1936 unda
840 1881 993 1937 aetemaliter

196 1985 282 2040 vivas!
301 1986 402 2052 Veniet,
416 1985 516 2058 quando
527 2004 604 2041 unam
616 1985 683 2042 diem
695 2005 741 2042 seu
751 1986 840 2041 horam
854 2004 901 2058 pro
910 2005 992 2042 amen·

196 2095 298 2178 datiome
310 2097 470 2164 desiderabis,
484 2101 510 2153 et
521 2098 607 2153 neseio
618 2116 652 2153 an
662 2098 817 2171 impetrabis.

232 2203 256 2256 6.
267 2201 459 2276 Ejaoarissime,
473 2202 504 2258 de
512 2205 607 2275 quanto
618 2203 730 2276 periculo
737 2203 866 2276 tepoteria
875 2201 990 2270 hierom,

196 2306 228 2363 de
238 2325 313 2379 quam
321 2327 413 2382 magno
420 2310 512 2365 timore
523 2309 628 2382 eripere,
638 2310 741 2366 simodo
749 2329 848 2384 semper
856 2310 991 2366 timoratus

195 2415 275 2472 fueris
286 2420 459 2492 etpsuupeotus
471 2416 503 2473 de
514 2418 611 2472 morte!
632 2417 712 2473 Stude
723 2437 791 2474 nuno
801 2419 888 2474 taliter
896 2419 989 2486 vivere,

195 2526 226 2578 ut
243 2523 271 2578 in
287 2523 351 2578 hora
360 2524 450 2579 mortis
467 2523 551 2579 valeas
568 2524 653 2597 potius
672 2525 781 2597 gaudere
799 2545 874 2598 quam
891 2527 989 2583 timere.

195 2627 274 2683 Diuoe
291 2646 359 2684 nuno
376 2628 560 2696 morimundo,
578 2633 609 2684 ut
625 2633 689 2686 tuno
706 2631 811 2704 incipias
828 2633 913 2688 vivere
932 2652 990 2690 oum

196 2731 326 2790 omero.
362 2735 515 2790 Discenuno
524 2736 607 2792 omnia
615 2742 784 2806 contemnere,
793 2743 824 2794 ut
835 2743 898 2796 tuuo
906 2741 989 2812 possis

195 2838 273 2894 libere
285 2839 318 2894 ad
325 2839 473 2895 Cumarum
481 2860 594 2914 pergere.
622 2845 727 2918 Castiga
738 2865 805 2902 nuno
815 2865 906 2920 oorpua
914 2851 990 2904 tuum

194 2965 241 3019 per
257 2947 440 3020 peanitentipm,
458 2952 489 3004 ut
505 2952 568 3004 tuno
591 2954 687 3007 certam
709 2953 793 3009 valeas
816 2954 909 3010 habere
932 2971 989 3010 oon·

195 3057 333 3115 fidentiam.

493 3175 502 3195 ε
517 3167 582 3207 reor.
592 3167 619 3207 vr.
630 3168 648 3208 a.
