2528 3850
473 457 615 505 CHRISTI
634 458 677 506 IV.
695 460 717 506 9.
948 459 994 505 233

241 591 265 642 4.
284 589 369 644 Offero
382 589 458 644 etiam
470 590 527 646 Tibi
539 593 622 646 omnia
637 591 704 647 bona
719 610 782 661 mea,
795 591 907 662 quamvis
920 591 993 646 valde

205 713 286 765 panca
297 698 323 749 et
335 695 488 766 imperfecta,
501 700 532 751 nt
549 697 589 751 Tu
607 717 637 752 ea
654 697 770 752 emendes
789 701 815 751 et
834 697 991 768 sanctifices;

205 804 235 854 ut
247 820 277 856 ea
287 804 360 872 grata
371 802 470 870 habeas,
482 807 508 858 et
521 807 623 875 accepta
638 804 694 858 'libi
705 797 790 872 facias,
802 806 828 857 et
845 821 943 874 semper
961 804 993 858 ad

204 905 307 960 meliora
317 906 402 961 trahas
413 927 420 972 ;
437 925 484 962 nec
495 926 546 962 non
558 907 591 962 ad
601 908 703 962 beatum
715 925 744 962 ao
755 907 905 962 laudabilem
916 909 991 962 finem

204 1027 243 1064 me
254 1010 356 1082 pigrum
368 1015 394 1066 et
406 1012 521 1068 inutilem
532 1014 724 1069 homuncionem
736 1013 866 1084 perducas.

238 1118 261 1168 5.
281 1115 366 1175 Offero
378 1134 477 1187 quoqne
489 1116 546 1173 Tibi
557 1119 640 1172 omnia
648 1117 690 1189 pia
699 1117 822 1172 desideria
830 1117 986 1181 devotorum,

202 1222 365 1277 necessitates
388 1227 529 1294 parentum,
555 1224 698 1288 amicorum,
723 1223 838 1288 fratrum,
864 1241 986 1285 sororum,

202 1327 361 1398 omniumque
382 1346 497 1382 carorum
516 1347 637 1393 meorum,
657 1331 684 1382 et
702 1345 789 1383 eorum
807 1327 852 1398 qui
868 1327 930 1380 mihi
947 1326 989 1380 vel

201 1431 255 1485 aliis
273 1435 374 1502 propter
393 1451 501 1487 amorem
521 1432 605 1486 Tuum
624 1431 821 1496 benefecerunt;
839 1431 918 1501 etqui
936 1448 988 1485 ora-

200 1535 281 1589 tiones
294 1539 320 1590 et
331 1537 419 1591 missas
434 1555 481 1609 pro
497 1556 524 1592 se
537 1538 639 1607 suisque
651 1536 765 1590 omnibus
778 1535 828 1589 dici
840 1554 855 1588 a
865 1553 906 1588 me
924 1535 988 1589 desi-

129 1638 131 1642 ’
199 1641 349 1698 deraverrmt
361 1647 387 1698 et
398 1644 534 1714 petienmt,
548 1643 637 1698 sivein
649 1661 723 1698 earne
735 1641 816 1696 adbuc
825 1642 919 1706 vivant,
930 1641 982 1695 siv'e

195 1748 247 1818 jam
259 1749 349 1804 saeculo
362 1750 474 1805 defuncti
483 1751 549 1805 sint:
568 1753 598 1804 nt
615 1767 701 1804 omnes
717 1747 767 1802 sibi
784 1748 906 1802 auxilinm
923 1763 981 1816 gra-

197 1853 240 1908 tiae
249 1853 316 1919 Ture,
329 1873 402 1926 opem
418 1855 603 1920 consolationis,
622 1853 805 1925 protectionem
821 1871 837 1906 a
853 1850 978 1922 periculis,

196 1957 369 2014 liberationem
381 1978 396 2014 a
407 1961 486 2031 poenis
499 1959 616 2015 advenire
628 1959 757 2024 sentiant;
774 1961 801 2012 et
812 1960 850 2021 ut,
864 1955 896 2010 ab
908 1955 985 2009 omni-

196 2063 244 2118 bus
255 2064 326 2120 malis
339 2065 426 2136 erepti,
440 2065 534 2136 gratias
547 2065 603 2119 Tibi
614 2065 758 2136 magnificas
769 2062 822 2117 laeti
830 2060 983 2134 persolvent.

231 2171 255 2224 6.
274 2170 359 2225 Offero
372 2170 447 2225 etiam
459 2171 516 2225 Tibi
527 2189 614 2242 preces
626 2173 652 2225 et
664 2169 760 2224 hostias
772 2166 927 2239 placationis,
937 2183 983 2236 pro

195 2275 244 2329 illis
260 2275 408 2347 specialiter,
422 2278 465 2346 qui
479 2296 520 2331 me
537 2277 565 2330 in
582 2277 665 2347 aliquo
679 2275 805 2340 lassemini,
819 2267 988 2329 contristave'

194 2383 263 2448 runt,
272 2385 316 2434 aut
324 2381 538 2452 vituperaverunt,
547 2382 587 2436 vel
599 2380 700 2452 aliquod
711 2379 830 2434 damnum
841 2377 881 2434 vel
893 2395 982 2449 grava·

193 2503 252 2538 men
260 2482 411 2551 intulerunt;
430 2487 524 2557 probis
534 2504 633 2557 quoque
643 2484 838 2556 omnibus,qu0s
848 2484 981 2555 aliquando

193 2588 349 2654 contristavi,
362 2590 518 2655 conturbavi,
531 2590 641 2662 gravavi,
655 2597 682 2644 et
698 2590 870 2656 scandalizavi,
888 2590 980 2655 verbis,

192 2693 274 2757 factis,
288 2693 396 2748 scienter
405 2694 445 2749 vel
456 2694 602 2765 ignoranter
613 2715 620 2761 ;
637 2698 668 2749 nt
676 2695 749 2750 nobis
758 2695 873 2750 omnibus
885 2696 981 2767 pariter

191 2797 322 2869 indulgeas
333 2803 437 2870 peccate
448 2803 535 2854 nostra
547 2803 572 2854 et
584 2804 686 2856 mutuas
700 2801 857 2856 offensiones
890 2801 979 2866 Aufer,

191 2901 314 2967 Donrrvn,
333 2921 349 2956 a
369 2903 486 2958 cordibus
509 2905 604 2960 nostris
628 2924 727 2960 omnem
748 2905 923 2977 suspicionem,
942 2905 980 2960 in·

191 3006 368 3078 dignationem,
383 3009 453 3074 iram,
467 3013 493 3064 et
512 3009 727 3082 discrepationem,
741 3013 767 3066 et
786 3010 908 3082 quidquid
925 3018 979 3080 pot

190 3115 229 3167 est
242 3113 372 3169 caritatem
384 3114 481 3184 laedere,
494 3119 520 3170 et
535 3115 672 3171 fraternam
688 3115 846 3170 dilectionem
857 3115 976 3169 minuere
