2546 3842
710 313 1005 322 --.-—-—-—-——-.

420 417 562 469 CHRISTI
587 417 638 465 111.
657 418 679 473 3,
696 418 719 463 4.
940 412 969 458 91

177 558 434 628 migraremus
453 557 480 610 et
495 561 625 624 nunquam
641 553 744 622 reputes
759 553 787 607 te
804 547 899 621 aliquid
914 565 970 604 esse

177 665 281 736 propter
303 664 387 735 opera'
402 661 476 718 bona
511 661 613 716 Revera
637 662 809 732 peccatores,
832 660 859 712 et
881 655 970 712 multis

177 767 335 840 pessionibus
351 767 475 824 obnoxius
491 769 518 822 et
534 766 687 838 implicatus.
704 765 765 822 ,Ex
779 769 806 822 te
822 783 921 837 semper
938 762 971 818 ad

178 875 241 930 nihil
250 874 351 943 tendis3
369 875 421 932 sito
431 873 531 940 laberis,
541 873 593 928 aito
599 873 715 939 rineeris,
725 873 777 928 sito
787 870 906 937 turbaris,
919 869 971 926 cito

178 979 329 1036 dissolveris.
364 979 427 1036 Non
437 979 515 1036 habes
527 979 665 1051 quidquam
679 977 747 1034 unde
762 977 845 1050 possis
860 974 970 1049 gloriari,

178 1085 224 1142 sed
233 1086 315 1141 multe
325 1085 393 1142 unde
404 1089 431 1142 te
443 1085 535 1142 debeas
546 1085 672 1152 vilifieare,
685 1085 745 1158 qnia
755 1084 836 1141 multo
850 1083 972 1140 infirmior

178 1209 205 1247 es
217 1210 293 1263 quam
303 1191 372 1248 vales
383 1191 601 1264 eomprehenrlere.

10 1285 15 1355 ι
135 1302 137 1311 ²
212 1301 238 1353 4.
258 1298 329 1354 “uu
339 1316 401 1371 ergo
417 1317 538 1371 magnum
553 1299 602 1354 su
613 1297 730 1354 suatur
741 1317 774 1354 ex
784 1298 902 1355 omnibus
915 1309 971 1372 que

135 1384 137 1393 Ι
178 1401 233 1474 agis
241 1425 250 1469 ;
268 1402 305 1458 nil
315 1403 418 1475 grande,
430 1403 467 1459 nil
477 1405 618 1476 pretiosum
629 1408 655 1460 et
667 1403 819 1472 admirabile,
827 1405 864 1461 nil
871 1409 972 1478 reputa

178 1510 248 1566 tione
259 1513 379 1582 appareat
390 1509 503 1582 dignum.
539 1511 587 1567 Nil
591 1511 684 1578 altum,
694 1511 732 1567 nil
741 1530 801 1568 vere
809 1511 934 1567 laudabile
945 1515 972 1567 et

178 1614 350 1683 desiderabile,
362 1615 413 1672 nisi
423 1617 492 1688 quod
502 1621 626 1673 aeteruum
637 1620 686 1673 est.
720 1617 824 1674 Plaeeat
835 1617 885 1674 tibi
895 1637 972 1691 super

179 1720 264 1777 omnia
273 1723 369 1777 aterna
379 1722 490 1789 Veritas,
503 1723 635 1796 displiceat
643 1723 691 1781 tibi
699 1743 798 1798 semper
806 1729 853 1781 tua
860 1726 972 1784 maxima

180 1829 271 1886 vilitas.
294 1828 353 1884 ¹Nil
370 1829 407 1885 sie
423 1830 522 1896 timeas,
547 1831 584 1886 sie
607 1831 735 1904 vituperes
753 1836 779 1889 et
796 1832 889 1905 fugies,
907 1833 975 1888 sieut

181 1935 242 1990 vitia
252 1939 279 1992 et
290 1939 395 2008 pensata
405 1939 458 2003 tus,
471 1954 528 2009 que
538 1937 620 2009 magis
632 1937 764 2010 displicere
778 1937 879 2006 debent,
897 1957 973 2011 quam

180 2043 298 2118 qualibet
308 2063 394 2100 rerum
405 2043 503 2100 damna
540 2045 651 2106 Quidam
662 2066 715 2103 non
722 2047 820 2105 sineere
829 2065 914 2105 eoram
925 2048 972 2105 Me

180 2151 316 2219 ambulant,
335 2151 381 2208 sed
397 2151 506 2224 quadam
523 2153 670 2210 curiositate
688 2158 714 2210 et
735 2155 880 2229 arrogantia
902 2155 975 2213 ducti

180 2259 269 2315 volunt
280 2261 378 2343 seerete
388 2259 451 2315 Mea
461 2260 533 2330 seire
549 2264 576 2317 et
593 2261 652 2328 alta,
668 2262 726 2317 Dar
741 2262 891 2336 intelligere,
907 2281 935 2319 se
946 2268 974 2320 et

180 2365 374 2422 suamsalutem
389 2367 570 2444 negligentes.
591 2368 712 2440 Hisaepe
727 2369 874 2442 iumagaus
891 2373 975 2428 tenta-

126 2458 128 2467 *
179 2475 263 2530 tiones
280 2477 308 2530 et
327 2478 432 2546 peecata
447 2478 552 2546 propter
575 2493 648 2530 suam
665 2475 809 2548 superbiam
825 2482 852 2534 et
870 2477 975 2534 euriosi-

180 2584 268 2646 tatem,
280 2580 328 2637 Me
339 2580 376 2636 eis
388 2581 546 2647 adversante,
558 2581 688 2650 labuntur.
805 2603 807 2606 ·

216 2691 240 2742 5.
260 2687 355 2744 “lime
363 2686 460 2762 judicia
472 2688 536 2755 Dm,
549 2692 687 2760 expavesee
698 2689 764 2745 iram
775 2689 973 2762 omnipotentis.

180 2795 243 2851 Noli
254 2797 340 2868 autem
351 2794 477 2850 dbmtere
488 2813 565 2867 opera
579 2795 714 2864 Altissimi,
727 2797 773 2853 sed
787 2801 846 2853 tuas
857 2797 975 2870 iniquita·

180 2906 220 2958 tes
229 2904 395 2978 perscrutare·
403 2901 431 2956 in
437 2901 539 2974 quantis
551 2901 686 2974 deliquisti,
697 2907 724 2959 et
737 2922 812 2975 quam
820 2904 902 2960 multa
908 2903 976 2960 bona

179 3009 322 3083 neglexisti.
358 3007 470 3070 Quidam
481 3008 564 3065 solum
574 3013 679 3082 portant
693 3028 765 3065 suam
777 3010 938 3067 devotionem
948 3011 977 3067 in

178 3117 259 3184 libris,
278 3115 381 3189 qnidam
398 3117 427 3173 in
443 3111 604 3190 imaginihus,
624 3118 727 3190 quidam
745 3122 831 3174 autem
849 3118 877 3174 iu
898 3119 978 3189 signis
