2528 3850
406 471 550 522 CHRISTI
568 472 611 521 iv.
630 475 653 530 4,
666 475 688 522 5,
899 473 946 518 225

157 617 214 669 tum
226 611 338 682 accipere
349 627 396 664 neo
407 611 525 664 tractare.
561 609 624 664 Non
632 607 756 672 enimhoe
765 606 862 662 meritis
874 605 947 665 debe·

158 723 202 774 tur
213 717 350 781 hominum,
364 715 432 786 qnod
443 715 519 769 homo
537 716 667 769 consecret
685 716 712 768 et
723 716 817 768 tractet
830 712 947 767 Oun1sn1

159 825 357 887 Sacramentum,
377 824 403 876 et
422 823 505 875 sumat
523 819 551 874 in
570 820 654 874 eibum
670 836 761 890 panem
780 817 946 889 Angelorum.

150 926 259 982 Grande
284 925 440 998 mysterium,
464 928 490 979 et
518 942 610 996 magna
639 923 748 996 dignitas
780 899 973 987 sacerdotum·

159 1031 250 1103 quibus
274 1029 359 1084 datum
380 1033 419 1084 est
441 1028 509 1100 quod
528 1028 634 1100 Angelis
654 1046 706 1083 non
728 1031 768 1083 est
792 1039 947 1084 eoncessum.

161 1136 213 1192 Soli
229 1154 338 1206 namque
362 1135 504 1193 sacerdotes
525 1135 574 1189 rite
592 1133 621 1188 in
641 1133 755 1190 Ecclesia
775 1135 885 1190 ordinati
904 1153 949 1206 po·

159 1243 279 1297 testatem
300 1240 394 1294 habent
418 1238 567 1308 celebrandi,
587 1242 614 1294 et
635 1238 734 1311 Corpus
755 1240 950 1296 Onnusn1con·

160 1345 281 1401 sociandi.
307 1344 428 1400 Sacerdos
456 1343 557 1414 quidem
585 1343 701 1399 minister
724 1340 764 1399 est
787 1345 851 1413 Dur,
874 1349 949 1401 utens

160 1450 236 1506 verbo
252 1449 308 1503 Dm
320 1467 366 1520 per
382 1448 521 1519 jussionem
537 1450 564 1502 et
580 1448 766 1503 institutionem
782 1450 853 1516 Du13
871 1450 949 1505 Dnus
968 1495 970 1500 ,

161 1560 246 1609 autem
267 1554 302 1608 ibi
322 1552 466 1625 principalis
488 1542 650 1620 est'Anctor,
671 1557 698 1608 et
718 1553 850 1608 invisibilis
871 1554 949 1625 Oper-

161 1663 224 1724 ator,
244 1658 293 1713 Oui
313 1658 401 1713 subest
421 1674 495 1712 omne
514 1656 583 1728 quod
602 1657 718 1724 voluerit,
738 1661 764 1712 ct
783 1662 855 1728 paret
876 1677 950 1716 omne

160 1763 229 1835 quod
237 1764 349 1835 jusserit.

196 1870 220 1922 2.
240 1870 255 1898 ‘⁴
262 1867 324 1922 Plus
336 1885 397 1939 ergo
409 1867 511 1924 eredere
522 1866 598 1923 debes
610 1868 672 1922 Duo
684 1867 852 1939 omnipotenti
862 1868 891 1922 in
901 1869 950 1924 hoo
978 1927 981 1934 ,
1079 1888 1084 1898 ’

162 1970 371 2027 excellentissimo
390 1973 558 2038 Sacramento,
578 1990 653 2042 quarn
670 1973 772 2044 proprio
793 1972 885 2048 sensui,
905 1977 950 2028 aut

162 2077 237 2133 alicui
248 2078 322 2149 signo
334 2077 443 2134 visibili:
462 2077 569 2148 ideoque
586 2095 645 2133 cnm
662 2077 753 2131 timore
765 2079 792 2131 et
809 2079 950 2132 reverentia

162 2183 250 2238 adhoc
261 2201 324 2254 opus
333 2186 372 2238 est
385 2183 560 2239 accedendum.
581 2181 694 2236 Attende
705 2181 760 2246 tibi,
771 2181 862 2237 etvide
870 2182 949 2254 Cujus

161 2287 327 2344 ministerium
337 2288 387 2342 tibi
403 2288 526 2343 traditum
543 2291 583 2342 eet
599 2305 645 2358 per
656 2287 841 2357 impositionem
861 2305 950 2342 manus

162 2391 280 2463 episcopi.
316 2391 391 2456 Ecce,
404 2392 520 2447 sacerdos
535 2391 618 2446 factus
635 2409 670 2458 es,
682 2394 709 2447 et
725 2390 758 2446 ad
775 2391 950 2447 celebrandum

162 2498 340 2562 cousecratus;
366 2494 424 2550 vide
440 2514 508 2551 nunc
524 2499 555 2550 nt
574 2495 682 2551 fideliter
701 2499 728 2552 et
749 2496 838 2552 devote
858 2497 886 2551 in
904 2515 950 2552 suo

162 2609 275 2676 tempore
286 2605 346 2660 Duo
359 2605 508 2660 sacrificium
519 2605 616 2670 offeras,
628 2608 654 2660 et
663 2608 690 2660 te
701 2607 785 2676 ipsum
796 2606 951 2677 irreprehen-

162 2709 259 2765 sibilem
272 2708 397 2764 exhibeas.
433 2708 495 2763 Non
506 2708 628 2764 alleviasti
640 2727 703 2765 onus
714 2713 797 2775 tuum,
814 2710 860 2766 sed
878 2711 950 2766 arcti·

163 2816 200 2870 ori
217 2815 270 2885 jam
285 2814 403 2886 alligatus
421 2832 448 2868 es
460 2813 560 2869 vinculo
579 2814 723 2886 disciplinas,
736 2823 763 2870 et
781 2815 814 2870 ad
830 2816 951 2887 majorem

162 2919 257 2974 teneris
268 2917 449 2990 perfectionem
458 2936 504 2972 sun
518 2919 608 2974 titatis.
646 2919 768 2974 Sacerdos
777 2919 894 2974 omnibus
903 2919 951 2973 vir·

163 3024 263 3080 tutibus
275 3023 350 3080 debet
363 3043 418 3080 esse
428 3027 541 3090 ornatus,
553 3029 579 3082 et
591 3025 646 3080 aliis
655 3025 795 3081 bonevitae
808 3045 822 3080 e
842 3025 952 3097 emplum

163 3129 282 3201 praebere.
321 3129 385 3202 Ejus
407 3131 564 3188 conversatio
584 3149 637 3187 non
659 3148 717 3186 cnm
740 3130 903 3202 popularibus
924 3135 951 3186 et

24 3367 26 3392 =
82 3341 702 3397 ”ff-“*mmffi
716 3348 1007 3393 ffi--n
