2546 3842
295 319 667 338 ffl-ae--u--u--e-

423 467 567 516 CHRISTI
586 464 636 514 ΙΙΙ.
656 468 692 521 14,
708 468 744 512 15.
931 465 976 512 113

188 601 274 656 sonitu
285 598 419 655 verborum
431 624 436 655 :
459 603 557 656 Veritas
568 604 647 655 antem
659 599 768 653 Dorrrr
781 603 860 652 manet
872 601 898 652 in
910 603 979 654 aeter·

189 717 265 763 nmrr'.

507 839 656 897 W

487 1046 605 1102 CAPUT
631 1046 689 1101 XV.

248 1228 386 1270 QUALITER
397 1226 527 1266 STANDUM
540 1226 580 1264 s1r
592 1225 626 1263 Ac
638 1225 786 1263 DICENDUM
798 1225 829 1263 IN
842 1219 911 1264 om

460 1325 496 1362 RE
509 1323 710 1362 DESIDERABILI.

231 1471 254 1522 1.
277 1469 357 1534 “Fili,
377 1469 413 1524 sio
435 1467 503 1523 dieas
524 1468 552 1522 in
574 1467 644 1522 omni
661 1486 706 1522 re:
726 1467 865 1533 ‘Dorum
883 1469 906 1525 si
928 1467 986 1524 Tibi

193 1579 316 1649 placitum
327 1575 412 1641 fuerit,
428 1575 473 1630 fiat
488 1573 537 1630 hoo
550 1575 594 1630 ite.
630 1574 754 1641 Dorrrrr,
774 1574 796 1630 si
813 1574 891 1630 fuerit
906 1574 986 1629 honor

193 1685 273 1749 Tuus,
286 1684 331 1738 fiet
343 1683 391 1738 hoo
402 1683 430 1738 in
441 1683 543 1739 nomine
555 1684 617 1737 Tuo.
653 1682 777 1748 Domo,
786 1683 809 1737 si
820 1682 883 1737 mihi
893 1682 987 1738 videris

198 1789 324 1862 expedire,
342 1792 369 1844 et
384 1789 448 1844 utile
464 1807 520 1844 esse
538 1788 691 1861 probaveris,
710 1792 773 1843 tune
789 1787 856 1843 dona
866 1788 929 1843 mihi
939 1787 988 1844 hoo

196 1899 237 1953 uti
249 1897 282 1952 ad
293 1897 414 1952 honorem
430 1897 521 1950 Tuum.
558 1897 610 1950 Sed
622 1895 645 1950 si
653 1895 717 1950 mihi
731 1895 849 1950 nocivum
865 1895 919 1950 fore
931 1913 988 1966 cog·

196 2005 304 2072 noveris,
315 2022 362 2059 neo
374 2003 463 2058 enimse
474 2022 536 2058 meae
548 2003 625 2058 saluti
636 2001 764 2075 prodesse,
777 2001 849 2056 aufer
860 2020 876 2056 a
886 2020 927 2056 me
938 2001 989 2056 tole

200 2113 369 2169 desiderium?
405 2112 469 2168 Non
492 2112 559 2166 enim
576 2129 650 2166 omne
671 2108 823 2166 desiderium
843 2115 883 2166 est
901 2130 917 2166 a
934 2112 990 2166 Sel·

198 2236 265 2276 mro
278 2221 392 2285 smero,
406 2218 505 2274 etiarnsi
516 2217 612 2272 homini
620 2216 736 2273 videatur
744 2221 843 2274 reorum
852 2224 879 2274 et
887 2218 989 2275 bonum.

199 2329 307 2384 Difficile
320 2331 359 2383 est
370 2345 417 2399 pro
428 2345 488 2383 vero
498 2327 620 2399 judicare,
638 2331 725 2382 utrum
741 2328 845 2399 spiritus
862 2328 944 2385 bonus
959 2349 992 2384 an

201 2436 296 2490 alienus
314 2438 342 2490 te
359 2434 473 2505 impellat
491 2433 524 2488 ed
541 2433 734 2490 desiderandum
751 2434 799 2491 hoo
817 2436 857 2492 vel
872 2436 942 2503 illud,
960 2457 992 2493 an

202 2543 278 2598 etiam
290 2561 322 2597 er
333 2541 435 2614 proprio
451 2541 574 2596 movearis
593 2541 691 2612 spiritu.
728 2543 808 2598 Multi
822 2544 850 2598 in
866 2545 920 2600 fine
932 2551 992 2600 sunt

201 2651 307 2723 decepti,
321 2651 365 2722 qui
375 2649 456 2722 primo
468 2650 534 2706 bono
546 2651 638 2722 spirr'tu
648 2650 799 2708 videbantur
809 2652 914 2710 inducti.
991 2695 993 2700 -

238 2764 261 2816 2.
288 2761 397 2832 “Igitur
417 2778 516 2831 semper
536 2778 594 2814 oum
613 2761 705 2815 timore
729 2761 784 2815 DEI
808 2762 835 2816 et
852 2761 995 2818 humilitate

203 2867 286 2924 oordis
299 2845 491 2921 desiderandum
509 2870 549 2922 est
561 2871 588 2921 et
608 2867 746 2938 petendum
762 2867 885 2940 quidquid
901 2871 996 2926 deside·

204 2975 282 3031 rabile
294 2974 374 3030 menti
385 2974 502 3040 occurrit,
519 2974 678 3044 meximeque
694 2992 752 3028 oum
769 2976 871 3047 propria
886 2977 997 3048 resigno·

207 3082 277 3135 tione
290 3079 359 3134 Mihi
376 3083 463 3134 totum
476 3078 685 3136 committendum
697 3081 744 3144 est,
758 3083 834 3151 atque
849 3081 996 3139 dicendum:

483 3207 493 3235 s
508 3199 541 3238 Pe.
552 3199 605 3238 oxvi.
617 3199 694 3246 (exeis)
704 3197 722 3236 2.
