2528 3850
438 426 749 520 cnnlsT1'11158.'
924 443 972 492 nos

176 592 293 666 gratiam,
311 589 369 663 Ego
385 529 494 660 prestiti
511 586 626 658 gloriam.
661 584 718 656 Ego
735 582 825 638 noris
813 581 972 653 singulorum

177 698 283 755 merita·
253 699 354 769 affigo
372 695 483 765 proveni
500 711 538 747 eos
556 691 805 747 sermocinatae
821 675 975 743 dimdium

179 804 253 858 Meae
287 801 345 872 Ego
356 799 472 871 prasoivr
464 797 589 854 'dilectos
601 800 661 852 ante
673 795 781 861 saeou1a3
799 797 851 867 Epo
862 813 902 848 eoa
912 795 976 865 slepi

180 911 210 964 de
220 909 331 974 mundo&
343 925 395 962 non
405 905 455 978 ipsi
466 905 513 960 Me
529 903 722 975 praelegerunt.
757 901 815 972 Ego
827 900 916 956 vooavi
927 916 975 986 per

180 1013 295 1086 gratiam,
314 1012 409 1068 attraxi
430 1029 477 1083 per
499 1009 711 1076 misericordiam
729 1008 786 1080 Ego
804 1006 912 1079 perduxi
929 1023 973 1062 eos

180 1138 226 1192 per
244 1118 399 1174 tentationes
410 1117 501 1174 varias.
536 1115 594 1188 Ego
609 1114 693 1172 infudi
710 1109 895 1171 oonsolatione's
907 1131 976 1184 mag-

181 1228 275 1294 nifioes,
288 1227 345 1299 Ego
361 1225 420 1282 dedi
436 1225 658 1297 perseverantiam,
675 1224 733 1295 Ego
749 1223 869 1279 eoronari
886 1239 975 1278 eorum

182 1333 339 1404 patientiam.

217 1442 242 1494 4.
262 1437 458 1510 “Egoprimnm
466 1441 493 1494 et
501 1438 667 1494 novissimum
676 1455 803 1510 agnosoo3
821 1437 878 1509 Ego
887 1454 976 1492 omnes

183 1545 354 1602 inestimabili
365 1545 499 1601 dilectione
511 1545 657 1616 amplector.
693 1547 750 1617 Ego
768 1543 909 1600 laudandus
920 1562 978 1599 snm

183 1653 211 1708 in
222 1651 339 1708 omnibus
352 1651 452 1708 Sanctis
463 1652 548 1719 Meis;
567 1652 624 1725 Ego
640 1669 717 1723 super
732 1650 816 1706 omnia
831 1650 980 1707 benedioen·

184 1757 232 1813 dus
250 1776 315 1827 sum,
332 1761 359 1813 et
375 1758 537 1814 honorandus
554 1759 581 1814 in
599 1758 714 1831 singuiis,
732 1777 797 1830 quos
815 1759 852 1814 sio
869 1759 978 1832 gloriose

185 1863 343 1935 magnificavi
360 1868 387 1919 et
403 1864 589 1936 praedestinari,
614 1865 668 1919 sine
691 1864 751 1920 uilis
775 1863 980 1937 procedentibus

187 1970 295 2041 propriis
318 1971 425 2027 meritis.
461 1971 516 2030 Qui
538 1988 599 2043 ergo
621 1988 702 2025 unum
725 1971 758 2026 de
778 1971 889 2028 minimis
912 1972 981 2028 Meis

186 2078 374 2150 oontempserit,
392 2095 441 2134 neo
457 2096 580 2148 magnum
596 2078 720 2144 honorat3
742 2077 806 2148 qaia
819 2080 940 2148 pratillum
957 2083 982 2134 et

67 2211 70 2214 ·
187 2185 298 2257 moganum
318 2185 375 2257 Epo
383 2187 463 2257 fecit.
498 2185 534 2239 Et
551 2185 596 2256 qni
613 2185 720 2256 derogat
738 2184 813 2240 alicui
831 2185 982 2242 Sanctorum

188 2291 295 2362 derogat
306 2292 333 2346 et
344 2290 420 2356 Mihi,
432 2293 459 2346 et
471 2291 570 2346 caeteris
589 2290 706 2347 omnibus
718 2292 746 2347 in
756 2310 836 2364 regno
854 2292 982 2349 ooelornm.

140 2405 142 2449 4
189 2398 284 2454 Omnes
307 2415 388 2452 unum
406 2400 467 2453 sunt
484 2415 530 2468 per
547 2397 662 2454 caritatis
679 2399 824 2467 vinouinm3
842 2399 910 2456 idem
928 2419 984 2457 sen-

188 2505 266 2570 tium,
278 2501 346 2558 idern
357 2502 455 2568 volunt,
468 2505 495 2558 et
506 2520 594 2559 omnes
605 2503 633 2559 in
644 2523 725 2560 unum
736 2523 764 2561 se
776 2504 894 2578 diligunt.

225 2613 250 2666 ὅ.
270 2608 385 2665 “Adhuo
397 2611 483 2665 autem
502 2611 582 2682 (quod
597 2612 677 2669 mrito
695 2613 771 2669 altius
790 2615 851 2684 est)
863 2615 921 2687 plus
938 2615 986 2671 Me

192 2737 268 2792 quam
279 2737 307 2774 se
318 2721 346 2775 et
357 2737 404 2774 sua
414 2721 506 2776 merita
516 2721 633 2794 diligunt.
670 2723 698 2778 N
698 2742 739 2779 am
750 2743 827 2796 supra
839 2726 949 2797 serapti,
959 2732 987 2782 et

192 2829 266 2882 extra
280 2826 408 2898 propriam
428 2827 588 2885 dilectionem
603 2830 687 2898 teeti,
700 2831 750 2886 toti
765 2831 793 2886 in
805 2850 916 2888 amorem
931 2834 988 2890 Mei

192 2938 311 3006 pergunt,
323 2934 351 2990 in
369 2953 419 3006 quo
435 2939 462 2992 et
477 2937 581 2993 fruitive
599 2935 741 3008 quieseunt.
774 2937 847 2993 Nihil
863 2942 903 2994 eat
920 2940 989 3010 quod

194 3059 238 3098 eos
256 3047 371 3099 avertere
388 3044 470 3115 possit
488 3048 533 3100 aut
551 3043 699 3115 deprimere,
718 3043 811 3116 quippe
829 3044 880 3115 qni,
894 3048 990 3100 aeterna

220 3150 447 3197 *Psudrxxtdr
552 3151 733 3192 insomnii.
833 3152 963 3201 «senna
