2524 3844
185 289 1070 350 fflm-„.m—,„H³

1039 368 1041 401 Ι

452 439 596 496 ourrsrr
618 441 741 500 1.1r‚1o.
961 445 992 491 ro
1039 422 1041 469 ἱ

486 832 604 888 CAPUT
627 833 702 890 XIX.

361 1054 397 1092 DE
416 1053 573 1094 unuclms
590 1054 658 1094 nom
675 1055 822 1096 Romulosl.

231 1209 255 1284 1.4
274 1207 337 1262 vita
351 1206 412 1278 boni
427 1205 540 1277 religiosi
556 1204 673 1260 omnibus
684 1205 824 1262 virtutrbus
840 1206 934 1278 pollere
946 1208 990 1265 do-

194 1311 245 1378 bet,
254 1315 286 1366 ut
293 1311 514 1376 sittalisirrterius‚
520 1310 601 1382 qualis
608 1310 709 1365 ridetur
716 1310 859 1368 hominibus
868 1315 988 1373 exterius.

193 1419 228 1474 ut
240 1419 331 1474 merito
342 1418 423 1473 multo
435 1417 492 1489 plus
505 1415 580 1472 debet
592 1435 648 1501 esse
656 1417 734 1483 intus,
746 1436 822 1490 quam
833 1418 902 1490 quod
910 1423 988 1477 001111.

193 1530 237 1582 tur
248 1527 317 1593 foris,
330 1529 390 1598 quia
397 1525 525 1598 inspector
535 1527 624 1579 noster
634 1529 674 1579 est
686 1524 771 1590 Duos,
783 1524 867 1583 Quem
879 1545 988 1582 summo-

194 1651 254 1704 pere
264 1633 375 1704 revereri
386 1631 505 1687 debemus
521 1631 665 1703 ubieunque
681 1631 811 1698 fuerimus,
825 1636 851 1688 ot
867 1636 988 1708 tanquam

194 1737 287 1809 ungui
303 1737 330 1794 in
347 1740 485 1808 eonspeetu
501 1735 565 1807 Ejus
579 1735 668 1790 muudi
690 1735 815 1790 inoedere.
852 1736 930 1792 Omni
947 1737 989 1812 die

194 1861 314 1898 renovare
326 1841 445 1897 debemus
457 1841 615 1913 propositum
626 1844 749 1906 nostrum,
767 1843 793 1896 et
815 1840 848 1896 od
862 1841 987 1898 fervorem

194 1968 241 2022 uos
264 1949 381 2015 excitare,
406 1947 480 2019 quasi
501 1947 576 2003 hodie
598 1946 709 2019 primum
736 1947 768 2003 od
798 1950 988 2006 couversionem

193 2058 356 2123 venissemus;
365 2054 546 2128 utquedioere:
561 2054 683 2126 “Adjuvs
689 2074 737 2122 me,
746 2056 862 2111 Domum
870 2058 988 2132 Drusirr

193 2162 259 2218 bono
271 2163 401 2234 proposito
413 2169 440 2217 et
452 2163 540 2216 saucio
553 2160 657 2216 servitio
668 2161 731 2227 Tuo,
751 2165 778 2216 st
799 2161 832 2218 du
844 2163 908 2218 mihi
920 2183 988 2220 nuno

194 2269 268 2324 hodie
274 2269 387 2340 perfeeto
393 2268 512 2338 incipere,
521 2266 650 2338 quieuihil
657 2271 696 2322 est
705 2267 773 2338 quod
779 2268 903 2324 hactenus
912 2270 987 2327 ieoi.”

231 2377 254 2429 2.
274 2373 418 2429 Seoundum
428 2373 587 2444 propositum
599 2375 714 2426 nostrum
731 2376 771 2428 est
788 2392 877 2429 cursus
891 2375 989 2447 profec-

194 2487 238 2538 tus
249 2482 337 2548 nostri,
351 2485 377 2536 et
389 2481 470 2535 multa
477 2479 608 2552 diligentis
619 2497 683 2552 opus
695 2484 735 2536 est
747 2480 811 2537 bene
819 2483 940 2554 proficere
947 2501 990 2538 vo·

194 2590 264 2648 leudi.
293 2588 405 2652 Quodsi
419 2588 521 2643 fortiter
536 2605 678 2660 proponens
693 2607 759 2660 sepe
771 2589 863 2655 deficit,
877 2589 938 2660 quid
948 2589 991 2666 iile

195 2699 240 2770 qui
251 2715 308 2753 raro
324 2699 369 2751 out
384 2695 468 2750 miuus
482 2695 532 2751 fixe
548 2694 643 2768 aliquid
653 2696 790 2768 proponit?
808 2695 893 2750 Variis
905 2698 991 2750 tomen

195 2802 277 2858 modis
289 2801 414 2875 contingit
427 2801 536 2856 deseruio
547 2803 671 2874 propositi
681 2802 770 2868 nostri,
779 2806 806 2856 et
814 2801 876 2857 levis
888 2801 991 2856 omissio

196 2907 485 2964 exercitiorumvixsiue
493 2909 576 2979 ulique
584 2907 714 2980 dispendio
726 2907 826 2968 transit.
857 2908 992 2962 Justorum

195 3015 355 3087 propositum
365 3015 394 3070 in
404 3015 487 3086 gratia
503 3015 560 3070 Dm
570 3015 657 3086 potius
673 3031 749 3084 quom
763 3013 791 3069 in
807 3003 910 3086 propria
927 3013 992 3086 sopi-

198 3119 268 3174 eutia
284 3119 395 3192 pendet3
419 3120 447 3175 in
464 3121 523 3180 Quo
547 3123 574 3175 et
597 3137 696 3191 semper
713 3120 850 3186 oonfidmrt,
869 3119 992 3191 quidquid
