2524 3844
314 435 345 484 ⁵2
569 435 618 486 DE
637 435 853 486 ΙΜΙΤΔΤΙΟΝΕ

313 575 457 644 assurgunt.
493 573 529 628 Ei
548 573 605 630 ideo
622 577 698 646 turpe
712 578 780 631 esset
795 579 826 630 ut
842 579 875 631 tu
890 576 994 634 deberes
1008 579 1036 634 in
1053 583 1107 637 lem

311 683 399 735 sencio
411 698 486 753 opere
497 681 626 753 pignitare,
639 680 684 737 ubi
694 685 768 738 toute
778 681 916 738 multitudo
931 683 1108 757 religiosorum

310 786 398 858 incipit
409 787 471 842 Duo
480 786 596 859 jubilans.

345 885 369 938 9.
388 883 446 939 Osi
457 883 520 940 nihil
536 882 604 940 eliud
620 884 762 939 laciendum
778 883 942 951 incumberet,
950 886 1000 941 nisi
1017 886 1107 942 Dom-

309 1003 373 1042 uuu
389 988 477 1044 Ducis
494 992 611 1044 nostrum
627 991 684 1044 loto
701 989 777 1046 eorde
794 993 822 1046 ci
837 1009 882 1046 ore
897 991 1015 1048 laudere!
1043 993 1106 1049 Osi

308 1111 438 1166 nunquam
452 1093 578 1166 indigeres
597 1095 728 1151 comedere
746 1115 795 1154 neo
812 1097 899 1154 bibere
918 1116 965 1154 neo
983 1097 1102 1165 iormire,

308 1199 353 1254 sed
365 1219 463 1272 semper
474 1219 561 1273 posses
570 1201 658 1257 Duum
668 1201 778 1269 laudere,
788 1204 815 1258 et
826 1202 982 1258 solummodo
994 1205 1103 1276 spritus

306 1307 373 1364 libus
394 1309 485 1366 studiis
506 1327 610 1378 veeerc3
628 1312 691 1366 lunc
711 1309 792 1365 mullo
811 1309 909 1366 felicior
931 1328 1000 1366 esses
1025 1329 1101 1382 quem

306 1413 389 1480 modo,
414 1433 471 1470 cum
495 1416 565 1471 cenni
587 1433 620 1470 ex
645 1415 813 1488 qualicunque
835 1416 987 1473 necessitate
1011 1417 1099 1472 servis.

306 1521 413 1576 Utinam
432 1541 485 1578 non
504 1525 590 1578 essent
608 1523 664 1578 isles
682 1523 855 1589 necessitates,
876 1523 922 1578 sed
942 1523 1100 1580 solummodo

306 1628 449 1700 spuituules
466 1628 556 1685 enimse
571 1628 729 1697 refectiones,
742 1646 805 1701 ques
820 1628 887 1684 heu!
907 1627 969 1684 setis
982 1643 1040 1682 reno
1057 1627 1098 1682 de·

304 1738 446 1806 nutamus.

338 1845 380 1900 10.
399 1843 509 1906 (luendo
525 1842 602 1898 homo
619 1841 652 1896 ad
668 1841 717 1896 hoc
733 1840 856 1912 pervenit,
874 1839 942 1912 quod
970 1839 1001 1896 de
1027 1839 1098 1896 nulle

303 1955 420 2009 creature
427 1951 624 2008 consolationem
632 1967 705 2004 suem
712 1947 810 2020 querit,
819 1950 883 2003 lunc
892 1948 916 2003 ei
927 1947 1005 2003 Duos
1014 1949 1096 2020 primo

302 2059 413 2130 perfecte
432 2077 520 2130 sepem
535 2057 640 2129 incipit3
658 2059 721 2110 tunc
736 2054 813 2110 etiem
830 2055 895 2110 bene
912 2057 1047 2112 contentus
1064 2056 1095 2112 de
1143 2093 1145 2106 .

302 2164 371 2220 omni
383 2167 476 2220 eventu
483 2181 570 2220 rerum
579 2162 635 2217 erit.
656 2161 729 2216 illinc
739 2177 787 2216 nce
798 2177 845 2232 pro
856 2178 948 2232 magno
957 2161 1092 2228 letabitur,

300 2293 348 2331 nec
364 2293 410 2346 pro
426 2273 524 2328 modico
543 2271 742 2338 eoniiislebiim,
759 2271 805 2328 sed
819 2273 892 2344 ponit
909 2291 937 2328 se
952 2273 1051 2346 integre
1068 2276 1094 2328 et

300 2381 450 2438 fiducialiter
467 2381 495 2435 in
510 2380 580 2447 Dno,
594 2381 648 2440 Qui
659 2383 699 2438 est
711 2380 735 2435 ei
746 2379 830 2436 omnis
846 2378 875 2434 iu
891 2378 1023 2446 omuibus3
1043 2379 1093 2434 (lui
1142 2396 1144 2427 ι

299 2487 363 2542 nihil
373 2487 462 2558 ulique
472 2485 539 2557 perii
548 2504 596 2542 nec
606 2487 721 2552 moritur,
732 2485 777 2542 sed
788 2485 872 2541 omnia
879 2485 913 2540 ui
921 2486 1011 2541 vivunt
1021 2489 1047 2541 et
1060 2486 1093 2541 ecl
1142 2460 1145 2606 Ι

299 2599 391 2651 nulum
401 2595 578 2651 ineunotenier
589 2595 742 2653 deserviunt.
1143 2607 1145 2739 Ι

333 2707 375 2762 11.
388 2705 520 2762 Memento
532 2723 631 2778 semper
643 2706 707 2772 finis,
716 2709 743 2761 cl
752 2706 812 2778 quie
823 2705 953 2778 perditum
963 2723 1016 2762 non
1023 2705 1091 2762 redit

297 2815 406 2883 tempus.
435 2811 996 2885 Sincsollioiiudineeldiligentienunquem
1007 2813 1090 2884 ecqui-
1144 2748 1147 2883 l

295 2936 337 2974 res
348 2919 465 2974 viniules.
502 2919 530 2974 Si
540 2919 630 2992 incipis
641 2923 778 2990 tepescere,
790 2919 895 2992 incipies
906 2921 972 2976 mule
987 2920 1088 2976 hebere.

296 3022 417 3078 Sieulem
426 3021 524 3079 dederis
532 3024 739 3090 ieadlervonem,
747 3025 1088 3098 inveniesmegnempaoem,
1145 3006 1158 3112 l
1234 3007 1235 3064 l

294 3135 321 3188 et
344 3131 438 3188 senties
456 3131 576 3188 leviorem
598 3131 717 3199 laborem,
735 3135 840 3204 propter
859 3132 916 3186 Dn1
933 3132 1042 3204 gretiam
1060 3136 1088 3188 el
1145 3102 1148 3233 l

1146 3240 1148 3253 l

1151 3328 1160 3335 .,
1174 3323 1178 3330 ι
