2524 3844
225 447 226 450 Ἴ
275 461 289 506 6
529 453 578 501 DE
596 451 815 503 1M1rnr10rm

314 596 338 648 3.
358 593 463 652 Quanto
475 593 565 666 aliquis
575 595 657 667 magis
669 593 718 650 sibi
724 594 813 650 unitus
823 597 849 650 et
858 594 966 650 interius
975 593 1070 666 simpli·

276 703 366 759 fioetns
376 701 461 768 inerit,
471 705 545 757 tanto
554 702 628 774 plure
642 706 669 758 et
683 703 774 760 altiore
782 703 836 758 sine
845 703 930 759 labore
939 703 1067 776 intelligit,

277 810 338 883 quie
349 809 459 880 desuper
478 809 565 866 lumen
579 809 755 882 intelligentie
771 810 870 884 eooipit.
908 812 999 878 Purus,
1013 812 1071 867 sirn-

277 917 343 987 pler,
352 919 379 971 et
388 914 486 970 stabilis
494 915 599 986 spiritus
609 915 856 986 inmuitisoperibus
865 934 918 970 non
925 915 1070 988 dissipetur,

279 1023 338 1094 quia
346 1021 431 1076 omnia
442 1021 474 1075 od
485 1021 536 1076 Dei
546 1021 668 1076 honorem
676 1025 804 1093 operatur,
817 1025 844 1077 et
856 1022 884 1077 in
893 1040 920 1078 se
928 1023 1027 1078 otiosus
1039 1023 1071 1079 ab

279 1129 348 1184 omni
365 1128 467 1199 proprie
478 1127 646 1198 exquisitione
658 1146 715 1183 esse
732 1127 833 1183 nititur.
847 1193 850 1196 ,
870 1127 936 1186 Quis
948 1131 976 1182 te
987 1129 1070 1198 magis

223 1233 224 1236 ’
279 1235 386 1307 impedit
404 1240 431 1290 et
449 1235 577 1302 molestet,
598 1254 673 1307 quem
697 1239 743 1290 tue
766 1235 953 1290 immortifioets
973 1235 1073 1291 uffeotio

223 1337 224 1342 ¹
280 1342 382 1399 eordist'
400 1343 488 1398 Bonus
505 1346 532 1397 et
550 1341 657 1397 devotus
675 1342 750 1396 homo
767 1359 844 1412 opere
856 1359 902 1395 sua
913 1341 985 1412 prius
1002 1341 1073 1396 intus

280 1447 399 1519 disponit,
411 1466 467 1517 que
479 1448 541 1504 soris
551 1467 625 1520 agere
638 1447 730 1515 debet3
749 1466 796 1504 neo
805 1448 848 1503 iila
858 1449 964 1504 trahunt
974 1467 1030 1504 eum
1041 1449 1074 1504 ed

281 1553 405 1609 desideria
421 1554 520 1610 vitiose
537 1555 714 1620 inclinationis,
734 1553 779 1610 sed
796 1554 850 1622 ipse
867 1554 976 1611 infleotit
993 1574 1024 1611 eu
1041 1555 1074 1610 od

281 1663 413 1719 arbitrium
423 1667 500 1720 reete
510 1664 623 1720 rationis.
659 1663 726 1723 Quis
740 1662 818 1718 hebet
831 1662 923 1718 fortius
938 1667 1074 1728 certamen,

281 1789 357 1842 quem
380 1771 424 1842 qui
441 1771 534 1826 nititur
551 1771 651 1826 vincere
670 1788 697 1825 se
717 1770 820 1841 ipsum?
841 1770 877 1825 Et
899 1771 949 1826 hoo
970 1770 1075 1826 deberet

281 1895 336 1931 esse
353 1877 485 1949 negotium
502 1880 625 1942 nostrum,
643 1877 744 1932 vinoere
761 1875 878 1933 videiiost
895 1895 924 1932 se
941 1877 1032 1948 ipsum,
1048 1880 1075 1932 et

281 1985 395 2055 quotidie
413 2005 440 2040 se
460 1985 516 2057 ipso
534 1984 666 2040 fortiorem
686 1983 748 2050 fieri,
767 1986 844 2054 atque
864 1983 891 2036 in
908 1983 998 2038 meiius
1016 2001 1075 2054 pro·

280 2094 363 2150 fioere.

315 2203 340 2254 4.
359 2197 448 2252 Omnis
466 2197 588 2267 perfectio
605 2197 634 2250 in
649 2196 698 2250 hae
715 2195 769 2249 vita
792 2192 918 2264 quendam
944 2192 1075 2264 imperios-

280 2305 376 2358 tionem
390 2302 439 2356 sssri
451 2301 529 2356 hebet
547 2319 676 2367 annexam,
693 2303 719 2356 et
733 2300 814 2354 omnis
832 2299 970 2370 speculatio
987 2303 1076 2354 nostre

281 2408 389 2480 quadarn
401 2408 507 2480 ealigine
518 2426 571 2462 non
582 2410 659 2463 earet.
694 2406 808 2462 Humilis
817 2405 857 2460 tui
864 2405 975 2478 cognitio
982 2405 1076 2460 certior

280 2517 322 2570 vie
339 2518 378 2570 est
399 2515 432 2570 ed
446 2515 542 2581 Dnun,
565 2533 640 2586 quern
659 2513 785 2586 profunda
805 2513 917 2570 soientire
934 2513 1074 2585 inquisitio.

281 2622 343 2677 Non
365 2624 405 2677 est
423 2620 548 2694 culpanda
571 2621 677 2676 seientia
699 2624 744 2675 eut
768 2619 886 2691 quaelriret
908 2619 1015 2690 simplex
1038 2619 1076 2674 rei

280 2728 379 2794 notitia,
393 2747 449 2798 que
465 2727 533 2783 bone
550 2730 589 2783 est
606 2727 634 2782 in
651 2745 679 2782 se
699 2725 857 2782 considerata
875 2729 902 2781 et
922 2743 938 2781 e
955 2726 1017 2780 Dno
1036 2743 1075 2780 or-

282 2833 382 2902 dineta;
401 2833 447 2891 sed
463 2833 619 2907 preferenda
634 2836 674 2889 est
690 2851 789 2905 semper
802 2832 869 2888 bone
882 2831 1037 2888 oonsoientie
1048 2836 1075 2886 et

281 2941 395 2996 virtuose
408 2941 469 2996 uita.
508 2941 578 3000 Quia
598 2958 658 2995 vero
676 2939 762 3011 plures
780 2938 861 3010 magis
882 2937 987 2994 student
1005 2937 1075 2993 seire

282 3065 358 3118 quern
371 3047 436 3104 bene
445 3047 537 3114 virere,
551 3047 607 3103 ideo
620 3066 686 3120 saepe
697 3050 790 3114 errent,
804 3049 831 3102 et
841 3063 913 3118 peene
924 3045 1023 3100 nullum
1035 3043 1076 3100 vet

282 3152 411 3211 modiourn
424 3154 537 3210 fructum
548 3153 642 3209 ierunt
