2528 3850
472 433 614 482 CHRISTI
632 435 676 484 Iv.
693 437 715 483 2.
931 437 978 489 21⁷

193 587 298 635 meeum,
311 569 351 624 'Pu
361 586 402 624 me
419 567 511 624 invitae
529 568 562 624 ud
579 568 721 626 convivium
738 569 830 625 Tuum.
866 571 906 628 To
917 573 979 627 mihi

86 689 88 694 ’
193 675 251 731 dure
262 676 301 732 uie
313 674 441 730 coelestem
449 675 539 743 eibum,
549 679 576 731 et
582 696 668 746 paoem
677 679 824 750 Anqelorum
834 679 871 733 nd
880 682 978 734 mandu-

174 803 176 807 ⁴
191 785 322 838 mentum:
334 801 385 838 non
394 783 469 838 ulium
479 802 545 850 sane,
554 804 629 856 quam
637 785 673 840 Te
681 786 778 857 Ipsum,
788 787 883 841 Panem
890 789 977 854 vivum,

192 891 241 949 ueri
253 889 282 944 de
294 891 351 944 coelo
363 891 514 960 deocmdioti,
526 895 551 945 et
562 893 607 946 dns
618 894 693 946 eitam
705 893 819 946 mundum.

223 999 247 1050 4.
265 995 341 1060 Eece,
356 995 424 1051 unde
439 996 540 1052 dileetio
557 997 677 1068 procedit,
695 999 775 1069 qualis
792 998 904 1070 dignatio
920 998 976 1054 illu·

188 1101 280 1156 oesoit!
300 1101 385 1162 Quam
396 1121 493 1174 megnae
509 1102 646 1174 gratiarum
656 1103 766 1159 notiones
778 1115 808 1160 et.
820 1105 906 1162 laudes
919 1104 975 1161 uui

187 1225 233 1277 pro
244 1207 284 1262 his
300 1207 440 1264 debentur!
468 1210 491 1264 0
508 1228 583 1280 quum
597 1211 706 1266 sainture
722 1213 748 1266 et
764 1210 827 1265 utile
844 1211 975 1266 eonsilium

186 1313 276 1379 Tuum,
289 1333 348 1370 oum
359 1315 429 1371 istud
440 1317 590 1372 instituisti!
610 1318 694 1378 Quam
706 1335 783 1373 suave
795 1321 821 1372 et
834 1316 975 1389 juermdum

186 1419 335 1487 eonvivium
349 1439 407 1477 eum
423 1423 460 1476 'I'e
475 1423 565 1493 Ipsum
579 1423 607 1477 in
623 1423 706 1478 eibum
722 1422 835 1478 donanti!
856 1422 879 1477 0
898 1439 973 1494 quam

185 1525 337 1584 admirabilis
349 1529 460 1600 operatio
476 1530 537 1595 Tne,
554 1530 677 1594 Domum,
697 1547 772 1600 quam
785 1531 876 1600 potens
891 1529 973 1584 virtus

184 1631 246 1698 (tna,
256 1651 331 1704 quam
342 1635 478 1691 infallibilis
489 1636 582 1691 veritus
591 1635 656 1690 Tua!
674 1635 774 1690 Diei-oti
785 1635 859 1700 enim,
869 1639 973 1707 etfacta

182 1751 241 1796 eunt
252 1741 362 1808 omnie¹¹3
381 1745 408 1797 et
419 1743 468 1797 hoo
479 1743 575 1798 saetrrm
587 1745 633 1807 est,
647 1742 714 1813 quod
725 1741 786 1813 Ipse
795 1741 903 1813 jussisti.

217 1849 241 1900 5.
259 1847 329 1902 Mira
339 1867 379 1903 res
392 1850 418 1903 et
430 1848 479 1902 fide
491 1848 574 1920 digna,
586 1867 615 1903 oe
630 1848 769 1904 humanum
779 1848 881 1903 vincens
899 1848 972 1904 intei-

181 1950 283 2016 leotum,
296 1953 363 2023 quod
379 1953 556 2018 Tu,Don1un
574 1953 651 2008 Duos
667 1972 746 2017 meus,
763 1971 837 2007 verus
851 1954 929 2008 Duos
944 1956 971 2008 et

181 2055 263 2123 homo,
277 2057 324 2113 sub
341 2058 441 2114 modion
458 2059 541 2130 speeie
558 2059 629 2131 penis
642 2059 732 2114 etvini
743 2059 841 2130 integer
859 2059 970 2114 eontine-

181 2161 223 2230 ris,
238 2166 264 2218 et
279 2163 332 2218 sine
349 2165 538 2236 consumptione
555 2184 570 2220 a
590 2170 705 2223 sumente
720 2166 885 2222 manducaris.
921 2167 968 2232 Tu,

179 2267 294 2324 Domum
315 2270 497 2336 universorum,
518 2271 572 2332 Qui
589 2271 683 2326 nullius
701 2271 778 2326 habes
797 2271 968 2344 indigentiam,

178 2374 281 2430 voluisti
292 2393 337 2447 per
350 2377 539 2431 Sacramentum
547 2377 630 2432 Tuum
641 2377 756 2432 habiture
766 2376 794 2431 in
804 2377 876 2432 nobis
887 2395 892 2430 :
909 2395 968 2432 eon·

178 2499 251 2536 servo
262 2499 400 2536 cormeum
413 2485 438 2536 et
451 2500 542 2554 eorpus
553 2482 748 2549 immaoulutum
757 2485 786 2538 ut
798 2483 857 2538 laeta
868 2485 894 2538 et
903 2501 968 2554 pura

178 2585 330 2641 conscientia
342 2586 433 2657 sepius
445 2586 499 2641 Tria
510 2587 606 2642 veteum
622 2586 746 2643 celebrare
758 2588 884 2658 mysterio,
897 2590 923 2642 et
935 2588 967 2641 ed

176 2710 258 2749 meum
273 2695 420 2763 perpetuam
436 2693 548 2764 uooipere
562 2693 676 2759 salutem,
690 2711 745 2764 quoe
762 2693 794 2748 ed
806 2693 889 2748 Tuum
904 2711 965 2764 prae·

176 2795 249 2864 oipue
262 2793 383 2851 honorem
395 2799 421 2851 et
432 2795 574 2854 memoriale
586 2816 695 2870 perenne
707 2797 813 2852 senuisti
825 2801 851 2853 et
862 2798 962 2853 institu-

174 2899 226 2955 isti.

210 3007 233 3060 6.
252 3007 360 3074 Loetare,
377 3009 459 3064 enimn
473 3029 535 3072 mee.
549 3013 575 3066 et
591 3011 684 3084 gratioe
704 3031 750 3083 ege
768 3012 830 3065 Duo
847 3029 893 3081 pro
911 3017 962 3064 tam

195 3119 201 3148 ¹
211 3121 244 3160 Pe.
252 3121 326 3161 lxxvii.
337 3123 434 3170 (lxxviii.)
442 3124 473 3164 2⁵.
510 3131 525 3154 ὓ
534 3125 552 3164 S.
563 3125 609 3166 Joh.
618 3127 646 3164 vt.
654 3127 685 3172 88,
693 3125 724 3164 41.
764 3125 814 3164 ¹¹Pe
825 3124 901 3163 oxlvtii.
912 3125 929 3163 6.

141 3272 296 3284 -ῂ-
