2546 3842
477 469 621 518 CHRISTI
644 471 680 519 11.
696 471 732 520 12.

202 608 345 681 eligendum
355 608 405 664 tibi
415 613 490 676 esset,
503 611 584 683 magis
595 615 683 682 optare
698 609 801 666 deberes
813 629 859 682 pro
872 611 994 666 Gnmsro

203 716 307 772 adverse
317 717 379 788 peti,
392 735 468 788 quum
479 717 566 772 multis
573 717 785 780 oonsolstionibus
793 717 916 784 recreeri;
935 717 994 788 quia

203 825 324 880 Cnnnno
352 825 457 880 similior
483 845 551 882 esses
579 830 605 882 et
629 827 745 883 omnibus
769 828 868 884 Sanctis
896 828 993 884 eonfor-

146 909 151 918 ”
204 931 274 987 nior.
309 931 372 986 Non
390 932 458 986 enim
478 934 530 986 stat
547 932 667 986 meritum
684 936 800 988 nostrum
818 937 845 988 et
864 934 993 1005 protectus

201 1043 284 1096 status
301 1040 384 1095 nostri
400 1040 428 1095 in
440 1039 527 1094 multis
545 1039 712 1094 suavitatibus
730 1043 756 1093 et
772 1040 991 1107 consoletiombus,

202 1149 247 1206 sed
269 1149 354 1222 potius
377 1149 405 1204 in
427 1149 525 1220 maguis
548 1147 716 1220 gravitatibus
739 1150 766 1202 et
788 1146 993 1202 tribulationibus

202 1256 365 1328 perferendis.
401 1251 403 1256 ’

237 1367 279 1420 15.
299 1363 327 1419 Si
334 1363 435 1436 quidem
442 1361 537 1434 eliquid
544 1344 634 1416 melius
643 1365 669 1416 et
676 1360 764 1415 utilius
772 1360 848 1416 saluti
854 1361 991 1428 hominum,

201 1489 277 1543 quem
294 1471 355 1542 pati,
372 1470 470 1535 fnisset,
484 1469 622 1524 Onnnnns
637 1467 726 1538 utique
743 1466 821 1522 verbo
837 1470 863 1522 et
879 1468 993 1539 exemplo

201 1575 363 1632 ostendisset.
399 1575 469 1630 Nam
480 1577 507 1630 et
518 1578 652 1646 sequentes
665 1574 697 1628 Se
709 1572 844 1644 discipulos
856 1591 993 1644 omnesque

201 1687 269 1742 Eum
288 1685 361 1757 sequi
379 1685 509 1757 cupientes
526 1661 659 1738 manifeste
677 1683 709 1738 ed
726 1702 827 1738 ornoem
843 1683 992 1754 portandum
1054 1691 1055 1696 ’

200 1795 326 1860 hortatur,
343 1797 370 1848 et
385 1791 455 1862 dicit,
478 1765 513 1849 St
526 1795 581 1863 quis
595 1794 650 1846 uult
664 1795 746 1846 venire
755 1796 814 1864 post
829 1793 879 1857 Me,
892 1794 993 1864 abnoyot

202 1903 364 1970 semtipsum,
382 1905 407 1954 et
430 1902 504 1954 tollat
527 1918 618 1954 munem
638 1917 713 1964 mom,
735 1903 761 1954 ot
782 1899 899 1970 sequatur
920 1899 964 1953 Me
977 1903 991 1953 ¹.

203 2006 329 2062 Omnibus
346 2024 407 2078 ergo
423 1985 544 2078 perlectis
560 2009 587 2061 et
604 2005 723 2060 scrutatis
741 2005 775 2060 sit
792 2005 847 2061 hmo
864 2004 992 2060 oonolusio
1053 1991 1054 1994 Ἴ

201 2085 304 2168 ίὶῐυιᾙειλ
326 2115 443 2174 Quom
452 2091 501 2184 pol·
514 2115 604 2167 multas
615 2114 785 2167 tribulationes
797 2117 891 2182 oportet
902 2130 945 2167 nos
956 2114 992 2166 tn·
1052 2100 1053 2104 ¹

201 2224 269 2293 trare
280 2221 307 2273 tn
318 2237 416 2290 requam
427 2219 505 2273 Dnn.

351 2335 386 2377 ts.
397 2335 445 2374 Luc.
455 2337 484 2374 ix.
495 2336 524 2374 23.
686 2336 752 2375 Met.
763 2335 804 2375 xiv.
814 2334 842 2378 rt
