<?xml version="1.0" encoding="UTF-8"?>
<!DOCTYPE html PUBLIC "-//W3C//DTD XHTML 1.0 Transitional//EN"
    "http://www.w3.org/TR/xhtml1/DTD/xhtml1-transitional.dtd">
<html xmlns="http://www.w3.org/1999/xhtml" xml:lang="en" lang="en">
 <head>
  <title>
</title>
<meta http-equiv="Content-Type" content="text/html;charset=utf-8" />
  <meta name='ocr-system' content='tesseract 3.04.00' />
  <meta name='ocr-capabilities' content='ocr_page ocr_carea ocr_par ocr_line ocrx_word'/>
</head>
<body>
  <div class='ocr_page' id='page_1' title='image "./deimitationechr01thomgoog_0065.png"; bbox 0 0 2524 3844; ppageno 0'>
   <div class='ocr_carea' id='block_1_1' title="bbox 294 435 836 488">
    <p class='ocr_par' dir='ltr' id='par_1_1' title="bbox 294 435 836 488">
     <span class='ocr_line' id='line_1_1' title="bbox 294 435 836 488; baseline -0.002 -1"><span class='ocrx_word' id='word_1_1' title='bbox 294 439 324 487; x_wconf 83' lang='lat' dir='ltr'><strong>to</strong></span> <span class='ocrx_word' id='word_1_2' title='bbox 553 436 602 485; x_wconf 88' lang='lat' dir='ltr'><strong>DE</strong></span> <span class='ocrx_word' id='word_1_3' title='bbox 619 435 836 488; x_wconf 81' lang='lat' dir='ltr'><strong>IMITATIONE</strong></span> 
     </span>
    </p>
   </div>
   <div class='ocr_carea' id='block_1_2' title="bbox 291 569 1127 1706">
    <p class='ocr_par' dir='ltr' id='par_1_2' title="bbox 291 569 1127 1070">
     <span class='ocr_line' id='line_1_2' title="bbox 291 569 1088 644; baseline -0.003 -16"><span class='ocrx_word' id='word_1_4' title='bbox 291 587 352 628; x_wconf 83' lang='lat' dir='ltr'><strong>vero</strong></span> <span class='ocrx_word' id='word_1_5' title='bbox 363 569 400 626; x_wconf 91' lang='lat' dir='ltr'><strong>illi</strong></span> <span class='ocrx_word' id='word_1_6' title='bbox 411 569 519 626; x_wconf 79' lang='lat' dir='ltr'><strong>maxime</strong></span> <span class='ocrx_word' id='word_1_7' title='bbox 530 587 582 642; x_wconf 78' lang='lat' dir='ltr'><strong>pne</strong></span> <span class='ocrx_word' id='word_1_8' title='bbox 594 572 692 627; x_wconf 76' lang='lat' dir='ltr'><strong>ceteris</strong></span> <span class='ocrx_word' id='word_1_9' title='bbox 699 571 726 626; x_wconf 92' lang='lat' dir='ltr'><strong>in</strong></span> <span class='ocrx_word' id='word_1_10' title='bbox 737 570 875 629; x_wconf 79' lang='lat' dir='ltr'><strong>virtutibus</strong></span> <span class='ocrx_word' id='word_1_11' title='bbox 886 570 1029 644; x_wconf 86' lang='lat' dir='ltr'><strong>proficiunt,</strong></span> <span class='ocrx_word' id='word_1_12' title='bbox 1043 573 1088 644; x_wconf 82' lang='lat' dir='ltr'><strong>qui</strong></span> 
     </span>
     <span class='ocr_line' id='line_1_3' title="bbox 292 661 1127 750; baseline -0.001 -16"><span class='ocrx_word' id='word_1_13' title='bbox 292 697 329 745; x_wconf 83' lang='lat' dir='ltr'><strong>es,</strong></span> <span class='ocrx_word' id='word_1_14' title='bbox 348 697 405 750; x_wconf 75' lang='lat' dir='ltr'><strong>qne</strong></span> <span class='ocrx_word' id='word_1_15' title='bbox 422 677 471 734; x_wconf 90' lang='lat' dir='ltr'><strong>sibi</strong></span> <span class='ocrx_word' id='word_1_16' title='bbox 490 677 571 750; x_wconf 76' lang='lat' dir='ltr'><strong>magis</strong></span> <span class='ocrx_word' id='word_1_17' title='bbox 595 678 682 750; x_wconf 72' lang='lat' dir='ltr'><strong>gravis</strong></span> <span class='ocrx_word' id='word_1_18' title='bbox 704 680 731 733; x_wconf 92' lang='lat' dir='ltr'><strong>et</strong></span> <span class='ocrx_word' id='word_1_19' title='bbox 754 677 881 734; x_wconf 76' lang='lat' dir='ltr'><strong>contraris</strong></span> <span class='ocrx_word' id='word_1_20' title='bbox 903 679 971 744; x_wconf 89' lang='lat' dir='ltr'><strong>sunt,</strong></span> <span class='ocrx_word' id='word_1_21' title='bbox 989 677 1088 734; x_wconf 82' lang='lat' dir='ltr'><strong>virilius</strong></span> <span class='ocrx_word' id='word_1_22' title='bbox 1125 661 1127 664; x_wconf 33' lang='lat'>¹</span> 
     </span>
     <span class='ocr_line' id='line_1_4' title="bbox 292 782 1088 855; baseline -0.005 -13"><span class='ocrx_word' id='word_1_23' title='bbox 292 787 392 843; x_wconf 89' lang='lat' dir='ltr'><strong>vincere</strong></span> <span class='ocrx_word' id='word_1_24' title='bbox 409 783 536 840; x_wconf 86' lang='lat' dir='ltr'><strong>nituntur.</strong></span> <span class='ocrx_word' id='word_1_25' title='bbox 572 783 642 839; x_wconf 82' lang='lat' dir='ltr'><strong>Nem</strong></span> <span class='ocrx_word' id='word_1_26' title='bbox 659 783 696 838; x_wconf 93' lang='lat' dir='ltr'><strong>ibi</strong></span> <span class='ocrx_word' id='word_1_27' title='bbox 710 783 786 838; x_wconf 89' lang='lat' dir='ltr'><strong>bomo</strong></span> <span class='ocrx_word' id='word_1_28' title='bbox 802 783 859 855; x_wconf 89' lang='lat' dir='ltr'><strong>plus</strong></span> <span class='ocrx_word' id='word_1_29' title='bbox 875 782 975 854; x_wconf 86' lang='lat' dir='ltr'><strong>proficit</strong></span> <span class='ocrx_word' id='word_1_30' title='bbox 990 786 1017 839; x_wconf 88' lang='lat' dir='ltr'><strong>et</strong></span> <span class='ocrx_word' id='word_1_31' title='bbox 1031 801 1088 855; x_wconf 71' lang='lat' dir='ltr'><strong>gre</strong></span> 
     </span>
     <span class='ocr_line' id='line_1_5' title="bbox 291 888 1089 962; baseline -0.006 -13"><span class='ocrx_word' id='word_1_32' title='bbox 291 895 354 949; x_wconf 81' lang='lat' dir='ltr'><strong>tiam</strong></span> <span class='ocrx_word' id='word_1_33' title='bbox 368 893 481 948; x_wconf 87' lang='lat' dir='ltr'><strong>meretur</strong></span> <span class='ocrx_word' id='word_1_34' title='bbox 495 889 649 962; x_wconf 79' lang='lat' dir='ltr'><strong>ampliorem,</strong></span> <span class='ocrx_word' id='word_1_35' title='bbox 667 888 713 945; x_wconf 91' lang='lat' dir='ltr'><strong>ubi</strong></span> <span class='ocrx_word' id='word_1_36' title='bbox 727 889 809 962; x_wconf 73' lang='lat' dir='ltr'><strong>magis</strong></span> <span class='ocrx_word' id='word_1_37' title='bbox 825 907 853 945; x_wconf 90' lang='lat' dir='ltr'><strong>se</strong></span> <span class='ocrx_word' id='word_1_38' title='bbox 868 889 952 961; x_wconf 85' lang='lat' dir='ltr'><strong>ipsum</strong></span> <span class='ocrx_word' id='word_1_39' title='bbox 965 888 1045 945; x_wconf 84' lang='lat' dir='ltr'><strong>vincit</strong></span> <span class='ocrx_word' id='word_1_40' title='bbox 1061 892 1089 944; x_wconf 89' lang='lat' dir='ltr'><strong>et</strong></span> 
     </span>
     <span class='ocr_line' id='line_1_6' title="bbox 291 996 578 1070; baseline -0.007 -16"><span class='ocrx_word' id='word_1_41' title='bbox 291 1001 319 1054; x_wconf 92' lang='lat' dir='ltr'><strong>in</strong></span> <span class='ocrx_word' id='word_1_42' title='bbox 330 998 423 1070; x_wconf 87' lang='lat' dir='ltr'><strong>spiritu</strong></span> <span class='ocrx_word' id='word_1_43' title='bbox 433 996 578 1052; x_wconf 84' lang='lat' dir='ltr'><strong>mortificet.</strong></span> 
     </span>
    </p>

    <p class='ocr_par' dir='ltr' id='par_1_3' title="bbox 292 1100 1090 1706">
     <span class='ocr_line' id='line_1_7' title="bbox 327 1100 1090 1173; baseline 0.001 -16"><span class='ocrx_word' id='word_1_44' title='bbox 327 1105 351 1157; x_wconf 78' lang='lat' dir='ltr'><strong>l.</strong></span> <span class='ocrx_word' id='word_1_45' title='bbox 365 1100 416 1157; x_wconf 80' lang='lat' dir='ltr'><strong>Sed</strong></span> <span class='ocrx_word' id='word_1_46' title='bbox 426 1119 478 1157; x_wconf 88' lang='lat' dir='ltr'><strong>non</strong></span> <span class='ocrx_word' id='word_1_47' title='bbox 489 1119 575 1157; x_wconf 89' lang='lat' dir='ltr'><strong>omnes</strong></span> <span class='ocrx_word' id='word_1_48' title='bbox 593 1100 687 1158; x_wconf 82' lang='lat' dir='ltr'><strong>hebent</strong></span> <span class='ocrx_word' id='word_1_49' title='bbox 698 1119 768 1173; x_wconf 78' lang='lat' dir='ltr'><strong>aeque</strong></span> <span class='ocrx_word' id='word_1_50' title='bbox 779 1101 889 1158; x_wconf 86' lang='lat' dir='ltr'><strong>multum</strong></span> <span class='ocrx_word' id='word_1_51' title='bbox 898 1101 930 1157; x_wconf 78' lang='lat' dir='ltr'><strong>sd</strong></span> <span class='ocrx_word' id='word_1_52' title='bbox 938 1101 1090 1158; x_wconf 83' lang='lat' dir='ltr'><strong>vincendum</strong></span> 
     </span>
     <span class='ocr_line' id='line_1_8' title="bbox 293 1207 1090 1280; baseline 0.001 -16"><span class='ocrx_word' id='word_1_53' title='bbox 293 1207 531 1264; x_wconf 85' lang='lat' dir='ltr'><strong>etmortificsndum.</strong></span> <span class='ocrx_word' id='word_1_54' title='bbox 550 1207 666 1280; x_wconf 88' lang='lat' dir='ltr'><strong>Diligens</strong></span> <span class='ocrx_word' id='word_1_55' title='bbox 675 1210 762 1264; x_wconf 79' lang='lat' dir='ltr'><strong>temen</strong></span> <span class='ocrx_word' id='word_1_56' title='bbox 770 1208 901 1264; x_wconf 75' lang='lat' dir='ltr'><strong>emulator</strong></span> <span class='ocrx_word' id='word_1_57' title='bbox 907 1208 1031 1265; x_wconf 75' lang='lat' dir='ltr'><strong>valentior</strong></span> <span class='ocrx_word' id='word_1_58' title='bbox 1039 1211 1090 1265; x_wconf 88' lang='lat' dir='ltr'><strong>erit</strong></span> 
     </span>
     <span class='ocr_line' id='line_1_9' title="bbox 293 1313 1090 1388; baseline 0.004 -19"><span class='ocrx_word' id='word_1_59' title='bbox 293 1314 325 1369; x_wconf 84' lang='lat' dir='ltr'><strong>nd</strong></span> <span class='ocrx_word' id='word_1_60' title='bbox 336 1313 523 1386; x_wconf 87' lang='lat' dir='ltr'><strong>proficiendum,</strong></span> <span class='ocrx_word' id='word_1_61' title='bbox 536 1314 636 1369; x_wconf 74' lang='lat' dir='ltr'><strong>etiamsi</strong></span> <span class='ocrx_word' id='word_1_62' title='bbox 649 1315 735 1386; x_wconf 87' lang='lat' dir='ltr'><strong>plures</strong></span> <span class='ocrx_word' id='word_1_63' title='bbox 749 1314 842 1371; x_wconf 78' lang='lat' dir='ltr'><strong>hebent</strong></span> <span class='ocrx_word' id='word_1_64' title='bbox 858 1313 996 1387; x_wconf 80' lang='lat' dir='ltr'>passiones,</span> <span class='ocrx_word' id='word_1_65' title='bbox 1012 1334 1090 1388; x_wconf 81' lang='lat' dir='ltr'><strong>quem</strong></span> 
     </span>
     <span class='ocr_line' id='line_1_10' title="bbox 293 1419 1088 1492; baseline 0.004 -17"><span class='ocrx_word' id='word_1_66' title='bbox 293 1421 358 1475; x_wconf 80' lang='grc'><strong>111111</strong></span> <span class='ocrx_word' id='word_1_67' title='bbox 369 1419 433 1477; x_wconf 94' lang='lat' dir='ltr'><strong>bene</strong></span> <span class='ocrx_word' id='word_1_68' title='bbox 445 1419 620 1492; x_wconf 80' lang='lat' dir='ltr'><strong>morigeratus,</strong></span> <span class='ocrx_word' id='word_1_69' title='bbox 632 1421 716 1476; x_wconf 87' lang='lat' dir='ltr'><strong>minus</strong></span> <span class='ocrx_word' id='word_1_70' title='bbox 723 1424 809 1476; x_wconf 81' lang='lat' dir='ltr'><strong>temen</strong></span> <span class='ocrx_word' id='word_1_71' title='bbox 818 1421 918 1477; x_wconf 84' lang='lat' dir='ltr'><strong>fervens</strong></span> <span class='ocrx_word' id='word_1_72' title='bbox 928 1420 961 1476; x_wconf 85' lang='lat' dir='ltr'><strong>ad</strong></span> <span class='ocrx_word' id='word_1_73' title='bbox 968 1423 1088 1478; x_wconf 80' lang='lat' dir='ltr'><strong>uirtutes.</strong></span> 
     </span>
     <span class='ocr_line' id='line_1_11' title="bbox 293 1525 1089 1601; baseline 0.005 -19"><span class='ocrx_word' id='word_1_74' title='bbox 293 1527 352 1582; x_wconf 91' lang='lat' dir='ltr'><strong>Duo</strong></span> <span class='ocrx_word' id='word_1_75' title='bbox 365 1525 506 1598; x_wconf 69' lang='lat' dir='ltr'>specialiter</span> <span class='ocrx_word' id='word_1_76' title='bbox 518 1525 550 1581; x_wconf 79' lang='lat' dir='ltr'><strong>sd</strong></span> <span class='ocrx_word' id='word_1_77' title='bbox 560 1545 678 1600; x_wconf 80' lang='lat' dir='ltr'><strong>magnam</strong></span> <span class='ocrx_word' id='word_1_78' title='bbox 686 1527 887 1584; x_wconf 78' lang='lat' dir='ltr'><strong>emendationem</strong></span> <span class='ocrx_word' id='word_1_79' title='bbox 893 1528 1001 1601; x_wconf 82' lang='lat' dir='ltr'><strong>jurent:</strong></span> <span class='ocrx_word' id='word_1_80' title='bbox 1020 1530 1089 1586; x_wconf 83' lang='lat' dir='ltr'><strong>ride-</strong></span> 
     </span>
     <span class='ocr_line' id='line_1_12' title="bbox 292 1633 1089 1706; baseline 0 -16"><span class='ocrx_word' id='word_1_81' title='bbox 292 1635 352 1690; x_wconf 82' lang='grc'><strong>11001</strong></span> <span class='ocrx_word' id='word_1_82' title='bbox 375 1633 524 1690; x_wconf 75' lang='lat' dir='ltr'><strong>subtrahere</strong></span> <span class='ocrx_word' id='word_1_83' title='bbox 547 1653 575 1690; x_wconf 89' lang='lat' dir='ltr'><strong>se</strong></span> <span class='ocrx_word' id='word_1_84' title='bbox 597 1635 728 1702; x_wconf 81' lang='lat' dir='ltr'><strong>violenter,</strong></span> <span class='ocrx_word' id='word_1_85' title='bbox 748 1634 780 1689; x_wconf 85' lang='lat' dir='ltr'><strong>ed</strong></span> <span class='ocrx_word' id='word_1_86' title='bbox 803 1634 872 1706; x_wconf 89' lang='lat' dir='ltr'><strong>quod</strong></span> <span class='ocrx_word' id='word_1_87' title='bbox 888 1637 981 1690; x_wconf 80' lang='lat' dir='ltr'><strong>nature</strong></span> <span class='ocrx_word' id='word_1_88' title='bbox 997 1634 1089 1690; x_wconf 86' lang='lat' dir='ltr'><strong>vitiose</strong></span> 
     </span>
    </p>
   </div>
   <div class='ocr_carea' id='block_1_3' title="bbox 292 1717 1089 1814">
    <p class='ocr_par' dir='ltr' id='par_1_4' title="bbox 292 1717 1089 1814">
     <span class='ocr_line' id='line_1_13' title="bbox 292 1717 1089 1814; baseline 0.003 -19"><span class='ocrx_word' id='word_1_89' title='bbox 292 1717 435 1808; x_wconf 80' lang='lat' dir='ltr'><strong>incbnetur,</strong></span> <span class='ocrx_word' id='word_1_90' title='bbox 444 1744 471 1796; x_wconf 90' lang='lat' dir='ltr'><strong>ct</strong></span> <span class='ocrx_word' id='word_1_91' title='bbox 478 1741 606 1797; x_wconf 77' lang='lat' dir='ltr'><strong>ferventer</strong></span> <span class='ocrx_word' id='word_1_92' title='bbox 614 1741 710 1796; x_wconf 81' lang='lat' dir='ltr'><strong>instare</strong></span> <span class='ocrx_word' id='word_1_93' title='bbox 717 1759 763 1813; x_wconf 90' lang='lat' dir='ltr'><strong>pro</strong></span> <span class='ocrx_word' id='word_1_94' title='bbox 771 1741 846 1807; x_wconf 89' lang='lat' dir='ltr'><strong>bono,</strong></span> <span class='ocrx_word' id='word_1_95' title='bbox 855 1759 905 1814; x_wconf 89' lang='lat' dir='ltr'><strong>quo</strong></span> <span class='ocrx_word' id='word_1_96' title='bbox 914 1742 1021 1813; x_wconf 83' lang='lat' dir='ltr'><strong>amplius</strong></span> <span class='ocrx_word' id='word_1_97' title='bbox 1031 1743 1089 1813; x_wconf 88' lang='lat' dir='ltr'><strong>quis</strong></span> 
     </span>
    </p>
   </div>
   <div class='ocr_carea' id='block_1_4' title="bbox 258 1849 1097 3180">
    <p class='ocr_par' dir='ltr' id='par_1_5' title="bbox 258 1849 1092 2449">
     <span class='ocr_line' id='line_1_14' title="bbox 292 1849 1088 1922; baseline 0.003 -18"><span class='ocrx_word' id='word_1_98' title='bbox 292 1849 398 1921; x_wconf 80' lang='lat' dir='ltr'><strong>indiget.</strong></span> <span class='ocrx_word' id='word_1_99' title='bbox 433 1849 484 1905; x_wconf 81' lang='lat' dir='ltr'><strong>Ille</strong></span> <span class='ocrx_word' id='word_1_100' title='bbox 500 1850 578 1906; x_wconf 82' lang='lat' dir='ltr'><strong>etiam</strong></span> <span class='ocrx_word' id='word_1_101' title='bbox 601 1849 704 1905; x_wconf 81' lang='lat' dir='ltr'><strong>studeas</strong></span> <span class='ocrx_word' id='word_1_102' title='bbox 727 1851 808 1922; x_wconf 78' lang='lat' dir='ltr'><strong>magis</strong></span> <span class='ocrx_word' id='word_1_103' title='bbox 826 1869 915 1907; x_wconf 81' lang='lat' dir='ltr'><strong>cavere</strong></span> <span class='ocrx_word' id='word_1_104' title='bbox 933 1855 960 1907; x_wconf 93' lang='lat' dir='ltr'><strong>et</strong></span> <span class='ocrx_word' id='word_1_105' title='bbox 977 1851 1088 1916; x_wconf 88' lang='lat' dir='ltr'><strong>vincere,</strong></span> 
     </span>
     <span class='ocr_line' id='line_1_15' title="bbox 294 1955 840 2028; baseline 0.002 -17"><span class='ocrx_word' id='word_1_106' title='bbox 294 1975 350 2028; x_wconf 83' lang='lat' dir='ltr'><strong>quse</strong></span> <span class='ocrx_word' id='word_1_107' title='bbox 361 1956 409 2011; x_wconf 89' lang='lat' dir='ltr'><strong>tibi</strong></span> <span class='ocrx_word' id='word_1_108' title='bbox 420 1956 578 2028; x_wconf 75' lang='lat' dir='ltr'><strong>frequentius</strong></span> <span class='ocrx_word' id='word_1_109' title='bbox 590 1955 618 2011; x_wconf 91' lang='lat' dir='ltr'><strong>in</strong></span> <span class='ocrx_word' id='word_1_110' title='bbox 630 1956 684 2011; x_wconf 86' lang='lat' dir='ltr'><strong>eliis</strong></span> <span class='ocrx_word' id='word_1_111' title='bbox 698 1957 840 2028; x_wconf 89' lang='lat' dir='ltr'><strong>displicent.</strong></span> 
     </span>
     <span class='ocr_line' id='line_1_16' title="bbox 329 2060 1091 2134; baseline 0.004 -19"><span class='ocrx_word' id='word_1_112' title='bbox 329 2066 353 2116; x_wconf 86' lang='lat'><strong>5.</strong></span> <span class='ocrx_word' id='word_1_113' title='bbox 362 2061 465 2133; x_wconf 85' lang='lat' dir='ltr'><strong>Ubique</strong></span> <span class='ocrx_word' id='word_1_114' title='bbox 473 2060 615 2133; x_wconf 86' lang='lat' dir='ltr'><strong>profectum</strong></span> <span class='ocrx_word' id='word_1_115' title='bbox 622 2065 697 2116; x_wconf 87' lang='lat' dir='ltr'><strong>tuum</strong></span> <span class='ocrx_word' id='word_1_116' title='bbox 713 2063 804 2133; x_wconf 76' lang='lat' dir='ltr'><strong>cupies,</strong></span> <span class='ocrx_word' id='word_1_117' title='bbox 812 2067 850 2128; x_wconf 85' lang='lat' dir='ltr'><strong>ut,</strong></span> <span class='ocrx_word' id='word_1_118' title='bbox 864 2063 886 2118; x_wconf 88' lang='lat' dir='ltr'><strong>si</strong></span> <span class='ocrx_word' id='word_1_119' title='bbox 897 2063 964 2118; x_wconf 85' lang='lat' dir='ltr'><strong>bona</strong></span> <span class='ocrx_word' id='word_1_120' title='bbox 975 2063 1091 2134; x_wconf 78' lang='lat' dir='ltr'><strong>exemplu</strong></span> 
     </span>
     <span class='ocr_line' id='line_1_17' title="bbox 294 2165 1092 2242; baseline 0.005 -19"><span class='ocrx_word' id='word_1_121' title='bbox 294 2167 380 2223; x_wconf 79' lang='lat' dir='ltr'><strong>videas</strong></span> <span class='ocrx_word' id='word_1_122' title='bbox 398 2166 440 2223; x_wconf 81' lang='lat' dir='ltr'><strong>vel</strong></span> <span class='ocrx_word' id='word_1_123' title='bbox 458 2165 552 2232; x_wconf 77' lang='lat' dir='ltr'><strong>audies,</strong></span> <span class='ocrx_word' id='word_1_124' title='bbox 573 2166 605 2221; x_wconf 84' lang='lat' dir='ltr'><strong>ed</strong></span> <span class='ocrx_word' id='word_1_125' title='bbox 623 2167 774 2222; x_wconf 81' lang='lat' dir='ltr'><strong>imitandum</strong></span> <span class='ocrx_word' id='word_1_126' title='bbox 794 2168 945 2224; x_wconf 75' lang='lat' dir='ltr'><strong>accendaris.</strong></span> <span class='ocrx_word' id='word_1_127' title='bbox 982 2169 1092 2242; x_wconf 80' lang='lat' dir='ltr'><strong>Siquid</strong></span> 
     </span>
     <span class='ocr_line' id='line_1_18' title="bbox 258 2271 1090 2344; baseline 0.004 -16"><span class='ocrx_word' id='word_1_128' title='bbox 258 2291 259 2296; x_wconf 50' lang='lat'>¹</span> <span class='ocrx_word' id='word_1_129' title='bbox 295 2276 380 2328; x_wconf 83' lang='lat' dir='ltr'><strong>eutem</strong></span> <span class='ocrx_word' id='word_1_130' title='bbox 392 2271 586 2343; x_wconf 83' lang='lat' dir='ltr'><strong>reprehensibile</strong></span> <span class='ocrx_word' id='word_1_131' title='bbox 595 2272 799 2338; x_wconf 79' lang='lat' dir='ltr'><strong>consideraveris,</strong></span> <span class='ocrx_word' id='word_1_132' title='bbox 808 2291 868 2329; x_wconf 83' lang='lat' dir='ltr'><strong>cave</strong></span> <span class='ocrx_word' id='word_1_133' title='bbox 877 2293 909 2329; x_wconf 92' lang='lat' dir='ltr'><strong>ne</strong></span> <span class='ocrx_word' id='word_1_134' title='bbox 917 2273 985 2330; x_wconf 91' lang='lat' dir='ltr'><strong>idem</strong></span> <span class='ocrx_word' id='word_1_135' title='bbox 993 2275 1090 2344; x_wconf 79' lang='lat' dir='ltr'><strong>fecias3</strong></span> 
     </span>
     <span class='ocr_line' id='line_1_19' title="bbox 296 2377 1092 2449; baseline 0.004 -17"><span class='ocrx_word' id='word_1_136' title='bbox 296 2381 341 2433; x_wconf 82' lang='lat' dir='ltr'><strong>sut</strong></span> <span class='ocrx_word' id='word_1_137' title='bbox 349 2378 371 2433; x_wconf 89' lang='lat' dir='ltr'><strong>si</strong></span> <span class='ocrx_word' id='word_1_138' title='bbox 380 2377 512 2449; x_wconf 72' lang='lat' dir='ltr'><strong>aliquando</strong></span> <span class='ocrx_word' id='word_1_139' title='bbox 519 2377 610 2444; x_wconf 86' lang='lat' dir='ltr'><strong>fecisti,</strong></span> <span class='ocrx_word' id='word_1_140' title='bbox 621 2379 697 2434; x_wconf 85' lang='lat' dir='ltr'><strong>citius</strong></span> <span class='ocrx_word' id='word_1_141' title='bbox 706 2378 873 2434; x_wconf 77' lang='lat' dir='ltr'><strong>emendarete</strong></span> <span class='ocrx_word' id='word_1_142' title='bbox 883 2379 993 2435; x_wconf 83' lang='lat' dir='ltr'><strong>studeas.</strong></span> <span class='ocrx_word' id='word_1_143' title='bbox 1019 2381 1092 2436; x_wconf 86' lang='lat' dir='ltr'><strong>Sient</strong></span> 
     </span>
    </p>

    <p class='ocr_par' dir='ltr' id='par_1_6' title="bbox 276 2478 1097 3180">
     <span class='ocr_line' id='line_1_20' title="bbox 276 2478 1091 2550; baseline 0 -12"><span class='ocrx_word' id='word_1_144' title='bbox 276 2487 278 2492; x_wconf 87' lang='grc'><strong>’</strong></span> <span class='ocrx_word' id='word_1_145' title='bbox 296 2485 384 2539; x_wconf 87' lang='lat' dir='ltr'><strong>oculus</strong></span> <span class='ocrx_word' id='word_1_146' title='bbox 396 2487 457 2538; x_wconf 84' lang='lat' dir='ltr'><strong>tuus</strong></span> <span class='ocrx_word' id='word_1_147' title='bbox 465 2481 531 2538; x_wconf 83' lang='lat' dir='ltr'><strong>¹ulios</strong></span> <span class='ocrx_word' id='word_1_148' title='bbox 543 2483 692 2550; x_wconf 82' lang='lat' dir='ltr'><strong>consideret,</strong></span> <span class='ocrx_word' id='word_1_149' title='bbox 706 2478 742 2539; x_wconf 83' lang='lat' dir='ltr'><strong>sic</strong></span> <span class='ocrx_word' id='word_1_150' title='bbox 757 2483 850 2539; x_wconf 86' lang='lat' dir='ltr'><strong>iterum</strong></span> <span class='ocrx_word' id='word_1_151' title='bbox 865 2484 896 2539; x_wconf 83' lang='lat' dir='ltr'><strong>ab</strong></span> <span class='ocrx_word' id='word_1_152' title='bbox 913 2484 967 2539; x_wconf 86' lang='lat' dir='ltr'><strong>eliis</strong></span> <span class='ocrx_word' id='word_1_153' title='bbox 985 2485 1091 2540; x_wconf 81' lang='lat' dir='ltr'><strong>noteris.</strong></span> 
     </span>
     <span class='ocr_line' id='line_1_21' title="bbox 298 2592 1094 2665; baseline 0 -17"><span class='ocrx_word' id='word_1_154' title='bbox 298 2594 382 2654; x_wconf 72' lang='lat' dir='ltr'><strong>Quem</strong></span> <span class='ocrx_word' id='word_1_155' title='bbox 391 2592 532 2665; x_wconf 89' lang='lat' dir='ltr'><strong>jucundum</strong></span> <span class='ocrx_word' id='word_1_156' title='bbox 544 2596 571 2648; x_wconf 89' lang='lat' dir='ltr'><strong>et</strong></span> <span class='ocrx_word' id='word_1_157' title='bbox 582 2593 655 2648; x_wconf 83' lang='lat' dir='ltr'><strong>dulce</strong></span> <span class='ocrx_word' id='word_1_158' title='bbox 673 2595 713 2648; x_wconf 90' lang='lat' dir='ltr'><strong>est</strong></span> <span class='ocrx_word' id='word_1_159' title='bbox 729 2592 815 2648; x_wconf 84' lang='lat' dir='ltr'><strong>videre</strong></span> <span class='ocrx_word' id='word_1_160' title='bbox 827 2593 938 2648; x_wconf 85' lang='lat' dir='ltr'><strong>fervidos</strong></span> <span class='ocrx_word' id='word_1_161' title='bbox 947 2597 974 2648; x_wconf 87' lang='lat' dir='ltr'><strong>et</strong></span> <span class='ocrx_word' id='word_1_162' title='bbox 986 2592 1094 2649; x_wconf 85' lang='lat' dir='ltr'><strong>devotos</strong></span> 
     </span>
     <span class='ocr_line' id='line_1_22' title="bbox 296 2697 1094 2771; baseline -0.001 -17"><span class='ocrx_word' id='word_1_163' title='bbox 296 2697 396 2766; x_wconf 74' lang='lat' dir='ltr'><strong>iratres,</strong></span> <span class='ocrx_word' id='word_1_164' title='bbox 409 2699 473 2754; x_wconf 90' lang='lat' dir='ltr'><strong>bene</strong></span> <span class='ocrx_word' id='word_1_165' title='bbox 485 2700 650 2771; x_wconf 81' lang='lat' dir='ltr'><strong>morigeratos</strong></span> <span class='ocrx_word' id='word_1_166' title='bbox 663 2703 689 2754; x_wconf 88' lang='lat' dir='ltr'><strong>et</strong></span> <span class='ocrx_word' id='word_1_167' title='bbox 706 2699 893 2770; x_wconf 75' lang='lat' dir='ltr'><strong>disciplinatos!</strong></span> <span class='ocrx_word' id='word_1_168' title='bbox 915 2699 1000 2758; x_wconf 78' lang='lat' dir='ltr'><strong>Quam</strong></span> <span class='ocrx_word' id='word_1_169' title='bbox 1016 2699 1094 2754; x_wconf 86' lang='lat' dir='ltr'><strong>triste</strong></span> 
     </span>
     <span class='ocr_line' id='line_1_23' title="bbox 298 2805 1095 2878; baseline 0 -18"><span class='ocrx_word' id='word_1_170' title='bbox 298 2809 338 2860; x_wconf 88' lang='lat' dir='ltr'><strong>est</strong></span> <span class='ocrx_word' id='word_1_171' title='bbox 356 2810 382 2860; x_wconf 91' lang='lat' dir='ltr'><strong>et</strong></span> <span class='ocrx_word' id='word_1_172' title='bbox 400 2825 477 2878; x_wconf 81' lang='lat' dir='ltr'><strong>grave</strong></span> <span class='ocrx_word' id='word_1_173' title='bbox 494 2805 579 2862; x_wconf 87' lang='lat' dir='ltr'><strong>videre</strong></span> <span class='ocrx_word' id='word_1_174' title='bbox 597 2805 739 2861; x_wconf 80' lang='lat' dir='ltr'><strong>inordinate</strong></span> <span class='ocrx_word' id='word_1_175' title='bbox 757 2805 922 2870; x_wconf 83' lang='lat' dir='ltr'><strong>ambulantes,</strong></span> <span class='ocrx_word' id='word_1_176' title='bbox 942 2805 986 2876; x_wconf 90' lang='lat' dir='ltr'><strong>qui</strong></span> <span class='ocrx_word' id='word_1_177' title='bbox 1003 2823 1040 2870; x_wconf 70' lang='lat' dir='ltr'><strong>ee,</strong></span> <span class='ocrx_word' id='word_1_178' title='bbox 1060 2805 1095 2860; x_wconf 82' lang='lat' dir='ltr'><strong>ad</strong></span> 
     </span>
     <span class='ocr_line' id='line_1_24' title="bbox 300 2910 1096 2980; baseline 0 -15"><span class='ocrx_word' id='word_1_179' title='bbox 300 2929 355 2980; x_wconf 85' lang='lat' dir='ltr'><strong>quae</strong></span> <span class='ocrx_word' id='word_1_180' title='bbox 372 2911 456 2966; x_wconf 79' lang='lat' dir='ltr'><strong>vocati</strong></span> <span class='ocrx_word' id='word_1_181' title='bbox 476 2914 544 2977; x_wconf 91' lang='lat' dir='ltr'><strong>sunt,</strong></span> <span class='ocrx_word' id='word_1_182' title='bbox 566 2930 619 2966; x_wconf 92' lang='lat' dir='ltr'><strong>non</strong></span> <span class='ocrx_word' id='word_1_183' title='bbox 638 2913 772 2966; x_wconf 81' lang='lat' dir='ltr'><strong>exercent!</strong></span> <span class='ocrx_word' id='word_1_184' title='bbox 802 2911 888 2971; x_wconf 73' lang='lat' dir='ltr'><strong>Quem</strong></span> <span class='ocrx_word' id='word_1_185' title='bbox 911 2910 1029 2966; x_wconf 74' lang='lat' dir='ltr'><strong>nocivum</strong></span> <span class='ocrx_word' id='word_1_186' title='bbox 1053 2915 1096 2965; x_wconf 88' lang='lat' dir='ltr'><strong>est</strong></span> 
     </span>
     <span class='ocr_line' id='line_1_25' title="bbox 298 3017 1097 3090; baseline 0.001 -19"><span class='ocrx_word' id='word_1_187' title='bbox 298 3017 426 3090; x_wconf 79' lang='lat' dir='ltr'><strong>negligere</strong></span> <span class='ocrx_word' id='word_1_188' title='bbox 437 3018 575 3073; x_wconf 78' lang='lat' dir='ltr'><strong>vocationis</strong></span> <span class='ocrx_word' id='word_1_189' title='bbox 585 3037 637 3073; x_wconf 86' lang='lat' dir='ltr'><strong>susc</strong></span> <span class='ocrx_word' id='word_1_190' title='bbox 648 3017 813 3089; x_wconf 86' lang='lat' dir='ltr'><strong>propositum,</strong></span> <span class='ocrx_word' id='word_1_191' title='bbox 825 3021 851 3072; x_wconf 93' lang='lat' dir='ltr'><strong>et</strong></span> <span class='ocrx_word' id='word_1_192' title='bbox 861 3017 893 3072; x_wconf 81' lang='lat' dir='ltr'><strong>sd</strong></span> <span class='ocrx_word' id='word_1_193' title='bbox 901 3035 953 3072; x_wconf 90' lang='lat' dir='ltr'><strong>non</strong></span> <span class='ocrx_word' id='word_1_194' title='bbox 960 3017 1097 3072; x_wconf 76' lang='lat' dir='ltr'><strong>commissa</strong></span> 
     </span>
     <span class='ocr_line' id='line_1_26' title="bbox 299 3125 548 3180; baseline -0.004 0"><span class='ocrx_word' id='word_1_195' title='bbox 299 3143 401 3180; x_wconf 87' lang='lat' dir='ltr'><strong>sensum</strong></span> <span class='ocrx_word' id='word_1_196' title='bbox 413 3125 548 3180; x_wconf 85' lang='lat' dir='ltr'><strong>inclinare!</strong></span> 
     </span>
    </p>
   </div>
   <div class='ocr_carea' id='block_1_5' title="bbox 0 0 1278 3844">
    <p class='ocr_par' dir='ltr' id='par_1_7' title="bbox 0 0 1278 3844">
     <span class='ocr_line' id='line_1_27' title="bbox 0 0 1278 3844; baseline 0 0"><span class='ocrx_word' id='word_1_197' title='bbox 0 0 1278 3844; x_wconf 95' lang='lat' dir='ltr'><strong> </strong></span> 
     </span>
    </p>
   </div>
  </div>
 </body>
</html>
