2524 3844
442 421 586 472 CHRISTI
614 425 649 476 11.
663 429 686 484 9,
700 429 736 474 lo.
950 427 982 478 7³

187 560 256 614 11111
267 559 425 614 esculanum
436 577 488 616 101
497 560 608 621 libenter
620 560 817 616 consolationem
829 563 855 616 et
866 559 983 616 laetitiam

187 664 345 736 spiritualem
362 619 494 736 ὠή,
513 663 536 720 si
554 657 652 736 semper
669 666 784 722 obtinere
806 667 912 737 posset?
930 665 981 720 llx-

187 770 282 827 oedunt
304 771 372 826 enim
399 771 542 842 spirituales
571 773 754 828 consolationes
781 790 868 827 omnes
893 771 982 827 mundi

188 876 290 931 delicias
302 879 329 932 et
340 877 423 932 carnis
435 877 587 949 voluptates.
616 878 685 933 Nam
701 896 788 934 omnes
804 877 899 933 delicias
910 897 981 933 mun-

187 983 259 1040 danae
271 989 315 1040 aut
324 1004 395 1041 vanae
404 990 472 1052 suut,
483 990 528 1042 aut
539 991 645 1059 turpem
666 988 809 1059 spirituales
816 1006 877 1043 vero
884 986 981 1042 deliciae

187 1093 247 1150 solas
261 1095 381 1167 jucunde
398 1100 425 1152 et
437 1098 559 1162 honesta,
573 1116 605 1152 ex
615 1097 754 1153 virtutibus
765 1098 913 1170 progenitae,
926 1101 952 1152 et
967 1115 983 1151 a

186 1200 249 1254 Duo
267 1202 339 1272 puris
357 1202 485 1258 mentibus
504 1203 602 1258 infusae.
639 1202 691 1258 Sed
709 1203 767 1258 istis
789 1203 880 1259 divinis
894 1221 982 1258 conso-

185 1307 323 1363 latiombus
334 1327 409 1364 nemo
420 1327 520 1382 semper
530 1328 577 1382 pro
595 1329 642 1364 suo
656 1310 750 1366 affectu
764 1309 817 1365 frui
831 1310 906 1375 valet,
923 1309 982 1381 quia

186 1417 289 1486 tempus
301 1415 449 1470 tentationis
461 1433 513 1471 non
524 1416 569 1472 diu
580 1419 670 1472 cessat.

122 1502 123 1525 ¹
222 1524 247 1577 2.
277 1523 392 1578 Multum
419 1526 588 1580 contrariatur
615 1543 730 1596 supernae
756 1525 896 1581 visitationi
918 1525 982 1580 falsa

184 1631 289 1688 libertas
307 1615 384 1688 animi
404 1636 430 1687 et
450 1651 543 1704 magna
561 1632 712 1688 confidentia
732 1632 779 1686 sui.
818 1631 896 1686 Duos
917 1615 981 1686 bene

184 1737 248 1793 facit
264 1738 442 1793 consolationis
459 1739 568 1810 gratiam
584 1737 674 1804 dando,
691 1737 737 1793 scd
752 1739 828 1793 homo
846 1737 911 1792 male
927 1738 981 1809 agit

183 1863 237 1900 non
246 1847 333 1901 stetim
343 1827 406 1901 Duo
415 1826 624 1918 eum'gratiarum
633 1845 731 1901 actione
738 1844 908 1900 retribuendo.
944 1845 981 1899 m

184 1952 243 2008 ideo
254 1971 307 2008 101
313 1956 421 2024 possunt
432 1953 459 2007 in
470 1937 543 2008 nobis
555 1952 621 2008 dona
632 1953 720 2024 gratiis
731 1953 818 2018 fluere,
831 1952 875 2024 qui
886 1952 980 2024 ingrati

184 2077 273 2113 snmus
291 2058 407 2124 Auctori,
424 2075 471 2114 nec
490 2061 575 2113 totum
595 2057 753 2112 refundimus
770 2057 860 2113 fontali
878 2059 978 2130 origini.

186 2165 292 2237 8111111
303 2166 372 2220 enim
384 2165 491 2222 debetur
503 2165 586 2238 gratia
602 2164 677 2237 digne
695 2166 789 2238 gratias
807 2166 934 2232 referenti,
953 2171 979 2222 et

183 2273 315 2328 auferetur
327 2271 358 2328 ab
370 2259 445 2340 elato,
459 2273 528 2345 quod
539 2273 595 2328 dari
607 2274 671 2329 solet
681 2273 780 2328 humili.

220 2364 331 2434 111111
351 2379 555 2445 consolationem,
576 2398 631 2450 qum
654 2379 717 2434 mihi
739 2379 823 2434 aufert
847 2397 978 2451 compunc-

181 2489 280 2544 tionem
287 2511 295 2556 ;
320 2507 367 2544 nec
380 2489 470 2544 affecto
482 2486 727 2560 contemplationem,
740 2507 796 2560 quae
808 2488 878 2544 ducit
889 2487 917 2542 in
931 2488 978 2544 ela

182 2597 287 2651 tionem.
310 2596 373 2650 Non
380 2596 448 2651 enim
456 2613 530 2650 omne
538 2595 618 2650 altum
626 2598 750 2662 sanctum,
760 2613 807 2651 nec
816 2612 889 2650 omne
906 2593 978 2650 dulce

182 2701 287 2767 bonnm,
299 2719 347 2756 nec
359 2719 432 2756 omne
450 2699 602 2757 desiderium
619 2719 718 2773 purum,
731 2719 779 2756 nec
798 2719 871 2757 01111
892 2719 976 2757 aarum

182 2807 245 2864 Duo
263 2812 372 2880 gratnm.
412 2809 535 2864 Libenter
552 2813 655 2880 accepto
673 2809 788 2881 gratiam,
814 2808 880 2864 unde
897 2809 978 2864 humi-

181 2918 231 2976 lior
259 2921 286 2973 et
308 2918 451 2973 timoratior
474 2895 594 2982 inveniar,
615 2919 699 2987 atque
725 2915 758 2970 ad
785 2891 977 2986 relinquendum

183 3043 226 3080 me
249 3025 361 3096 paratior
383 3025 450 3080 fiam.
493 3024 593 3079 Doctus
616 3022 682 3077 douo
706 3021 795 3094 gratiae
818 3025 845 3076 et
863 3022 978 3077 eruditus

181 3131 364 3188 subtractionis
380 3130 485 3187 verbere
502 3149 555 3185 non
576 3129 626 3185 sibi
643 3127 746 3185 audebit
764 3129 901 3201 quidquam
918 3128 977 3184 boni
