2546 3842
174 231 250 284 *1,*-
263 266 268 272 “
288 265 294 272 ¹
558 280 566 284 ,
618 278 734 284 -,-....-,
748 279 759 283 -
790 277 984 284 --...—-...—.

192 282 361 293 W

1 303 2 318 ι
97 298 100 309 Ι

474 393 619 442 CHRISTI
636 394 687 442 III.
705 397 744 450 ²7,
757 397 796 444 28
984 397 1028 444 139

93 420 99 565 i
238 552 270 588 en
270 537 330 600 em
340 551 354 587 e
354 531 472 604 tpatient
473 549 501 586 er
460 531 579 587 ferre
590 530 783 598 adversantem,
801 530 1030 604 qniahsoomagna

90 588 94 709 i
179 598 182 657 1
237 643 368 714 sapientia
381 660 434 697 non
444 642 863 710 moveriomniventoverborum,
876 662 923 699 neo
942 663 1029 700 aurem

236 752 301 807 male
312 751 451 807 blandienti
466 749 578 822 prebere
595 750 706 818 Sirene,
725 750 761 806 sio
778 750 845 806 enim
862 751 964 822 inoepta
974 769 1029 823 per·

237 864 307 935 gitnr
318 861 360 917 ιιι
371 877 466 916 secure

544 1094 699 1208 ιμ’

490 1375 608 1438 CAPUT
637 1379 769 1436 XXVIII.

383 1594 489 1634 eorem
500 1594 618 1635 LINGUAS
636 1595 877 1639 onrnnonnronon.

268 1775 292 1828 1.
314 1772 391 1838 “nin
404 1791 456 1828 non
473 1791 540 1846 egre
558 1773 624 1828 seres
637 1773 659 1831 si
671 1773 773 1845 qnidam
785 1772 816 1828 de
828 1777 855 1828 te
866 1772 931 1830 male
944 1791 1026 1830 sense-

233 1894 293 1959 rint,
306 1896 333 1949 et
345 1893 454 1948 (inerint
467 1892 535 1964 quod
546 1911 598 1948 non
609 1893 716 1950 libenter
728 1891 823 1950 audias.
850 1894 891 1950 'ib
902 1892 1027 1956 deteriora

233 1999 264 2054 de
274 2003 303 2056 te
314 2001 370 2072 ipso
382 2001 476 2056 sentire
488 2000 572 2069 debes,
584 2004 611 2056 et
620 2002 749 2064 ,neminem
759 2003 922 2061 infirmiorem
935 2008 963 2062 te
974 2021 1026 2060 ore-

233 2107 299 2164 dere.
326 2107 354 2164 si
362 2107 475 2166 ambulas
484 2107 516 2163 ab
523 2108 597 2174 intra
610 2109 779 2166 nonmnltnm
785 2109 1026 2182 ponderabisvolan-

231 2216 269 2275 tia
279 2215 363 2272 verbe.
399 2215 451 2278 Est
467 2233 520 2272 non
537 2233 615 2287 parva
632 2216 775 2288 prodentia,
788 2219 862 2276 silere
873 2218 1026 2291 intempore

231 2335 297 2390 malo
309 2338 335 2391 et
347 2335 473 2390 introrsus
490 2333 522 2390 ed
539 2351 580 2390 me
599 2336 721 2402 eonverti‚
737 2355 785 2392 nea
802 2337 912 2395 humano
928 2338 1026 2412 judicio

232 2454 377 2512 disturbari

266 2566 290 2619 2.
309 2564 325 2594 “
333 2561 395 2617 Non
407 2560 441 2616 ιιι
452 2579 503 2632 pax
514 2564 561 2618 tna
568 2560 596 2615 in
604 2577 648 2614 ore
659 2558 804 2616 hominnm:
816 2560 877 2617 sire
886 2562 953 2618 enim
961 2563 1025 2619 bene

231 2670 284 2726 sive
299 2670 364 2726 mele
381 2669 543 2740 interpretati
557 2667 661 2734 inerint,
677 2686 730 2723 non
743 2686 771 2724 es
787 2667 844 2724 ideo
860 2669 924 2725 alter
940 2670 1024 2726 bomo,

229 2777 284 2833 Ubi
295 2781 335 2833 est
346 2795 407 2832 vera
417 2795 468 2848 pax
479 2779 506 2832 et
517 2794 578 2832 vera
592 2776 692 2848 gloria?
708 2793 792 2830 nonne
804 2775 832 2831 in
845 2776 911 2832 Met
929 2777 965 2832 nt
979 2779 1025 2849 qui

230 2901 281 2939 non
292 2885 389 2954 appetit
396 2882 540 2938 hominibus
547 2883 653 2954 plaeere,
660 2901 707 2938 nee
714 2883 788 2938 timet
796 2882 935 2953 displieere,
943 2885 1025 2940 malta

228 2989 374 3061 perfruetur
385 3007 455 3060 paee.
490 2989 533 3045 Ex
543 2989 687 3044 inordinato
705 3007 790 3044 amore
804 2992 831 3044 et
849 3006 915 3044 reno
932 2989 1024 3046 timore

229 3098 311 3154 oritnr
322 3097 403 3153 omnis
415 3096 564 3168 inquietudo
576 3096 658 3152 eordis
670 3099 697 3154 et
709 3095 840 3154 distractio
853 3097 999 3154 sensuum.'’
