2524 3844
273 366 616 380 ..---—---—-—-——-—

459 469 604 518 CHRISTI
623 468 660 517 11.
673 471 744 519 2-8.
973 471 1004 518 tt

201 607 288 662 Homo
311 605 472 678 passioneius
492 606 567 662 etium
586 606 683 662 bonum
706 607 735 662 in
758 607 853 662 malum
870 605 958 673 trehit,
976 611 1004 663 et

201 713 311 768 faciliter
322 712 417 767 melum
428 711 526 768 eredit:
546 711 629 768 bonus
640 713 760 785 peeifieus
778 714 854 770 homo
872 715 957 770 omnin
970 709 1003 770 ed

202 819 296 874 bonum
308 819 442 875 eonvertit.
479 819 533 880 Qui
545 819 608 875 bene
622 819 651 875 in
666 838 729 891 paee
745 823 793 886 est,
811 819 843 876 de
860 820 931 876 nullo
948 839 1003 876 sus·

203 925 319 995 pinetum
343 924 388 995 qui
404 930 491 979 eutem
508 924 573 980 male
591 929 727 981 eontentus
745 929 785 980 est
803 929 830 980 et
848 927 1002 991 eommotus,

203 1029 279 1084 variis
290 1029 475 1101 suspicionibus
487 1030 607 1102 egiletnr,
619 1049 667 1086 neo
678 1031 734 1103 ipse
745 1031 861 1102 quiescit,
877 1049 924 1087 neo
941 1032 1004 1088 ulios

204 1134 333 1206 qniesoere
351 1134 485 1207 permittit.
530 1135 602 1190 Dieit
619 1155 686 1208 sepe
704 1136 773 1208 quod
790 1137 873 1193 dieere
890 1156 943 1194 non
963 1137 1004 1194 de-

203 1241 285 1306 beret,
309 1243 336 1296 et
359 1240 455 1296 omittit
479 1241 547 1313 quod
574 1241 623 1297 sibi
651 1243 732 1315 magis
756 1242 839 1298 fuoere
862 1244 1003 1315 expediret.

205 1349 356 1405 Consideret
375 1349 443 1421 qnod
461 1349 504 1404 alii
521 1349 604 1404 feoere
619 1351 747 1415 tenentum,
766 1351 793 1404 et
810 1349 918 1422 negligit
936 1348 1004 1420 quod

205 1459 261 1531 ipse
271 1460 382 1514 tenetur.
418 1455 494 1512 Hebe
506 1473 567 1528 ergo
578 1455 660 1527 primo
672 1455 754 1511 uelum
772 1473 848 1528 snper
865 1458 893 1511 te
910 1455 1003 1527 ipsum,

207 1570 234 1622 et
245 1569 308 1622 tuno
316 1566 387 1638 juste
398 1564 479 1620 zelare
490 1565 586 1636 poteris
598 1564 829 1636 etinm'pronimum
840 1568 923 1621 tuum.

170 1673 172 1684 '
244 1675 268 1728 s.
292 1673 334 1727 Tu
349 1671 414 1728 bene
431 1671 481 1726 sois
501 1670 571 1726 faeta
592 1673 639 1726 tue
655 1689 776 1726 exemere
794 1674 821 1726 et
839 1671 959 1737 colerere,
978 1674 1005 1726 et

209 1779 316 1834 aliorum
333 1779 509 1834 exeusationes
526 1795 579 1834 non
595 1779 633 1834 vis
650 1779 770 1850 recipere.
806 1779 909 1834 iustius
928 1785 1005 1845 esset,
1043 1807 1045 1812 v
1081 1781 1084 1786 '

209 1890 240 1942 ut
251 1891 278 1942 te
290 1905 429 1954 eoeusues,
442 1893 469 1943 et
480 1887 586 1943 fratrem
601 1890 676 1942 tuum
688 1905 830 1942 excusares.
867 1887 895 1942 Si
908 1887 1006 1958 portari

209 1997 257 2061 vis,
276 1999 350 2067 portu
361 1998 388 2052 et
399 1995 483 2051 ulium
518 1993 586 2050 Vide
598 2013 675 2066 quem
691 1993 766 2067 longe
778 2012 805 2049 es
824 1993 906 2049 adhue
918 2011 934 2048 e
945 2008 1007 2049 vere

211 2106 317 2162 ueritate
328 2109 355 2162 et
369 2107 521 2173 hnmilitate,
538 2125 595 2179 quae
611 2106 675 2162 nulli
689 2107 761 2163 novit
778 2107 853 2164 iresei
869 2107 911 2163 vel
923 2107 1006 2179 indig-

211 2215 275 2280 nari,
287 2213 337 2270 nisi
346 2217 448 2270 temtum
463 2213 520 2270 sibi
555 2213 618 2270 Non
628 2221 669 2270 est
682 2232 804 2286 magnum
819 2232 878 2270 oum
894 2212 967 2269 bonis
980 2216 1006 2269 et

212 2324 351 2380 mansuetis
374 2325 531 2392 eonverseri;
553 2325 602 2382 hoo
625 2323 694 2380 enim
717 2324 833 2380 omnibus
856 2325 1006 2381 naturaliter

213 2433 304 2504 plaeet‚
319 2439 346 2490 et
363 2435 537 2508 unnsquisque
551 2435 660 2491 libenter
676 2453 765 2507 penem
778 2436 863 2502 hebet,
878 2440 905 2492 et
921 2455 1007 2493 seeum

213 2541 352 2596 sentientes
363 2541 444 2614 magis
456 2541 553 2614 diligit:
572 2540 618 2597 sed
629 2560 688 2598 oum
699 2541 770 2597 dunis
782 2545 809 2597 et
820 2543 952 2614 perversis,
962 2547 1007 2598 eut

213 2651 413 2723 mdisoiplimtis,
426 2656 471 2707 eut
487 2650 561 2707 nobis
578 2651 798 2719 eontrarientibus
815 2651 918 2724 peeifiee
933 2670 1007 2723 posse

215 2761 307 2827 vivere,
324 2777 417 2832 magne
433 2759 517 2832 gretie
533 2762 581 2827 est,
600 2761 627 2815 et
649 2758 775 2815 laudabile
793 2759 868 2814 nimis
886 2759 1008 2831 virileque

215 2867 320 2922 ieetnm.

252 2976 276 3029 3.
290 2975 355 3029 Sunt
364 2973 442 3046 quise
453 2973 557 3046 ipsosin
567 2992 630 3047 paee
640 2977 738 3040 tenent,
750 2976 777 3030 et
789 2991 848 3029 oum
859 2973 914 3029 eliis
932 2973 1008 3030 etiem

215 3099 304 3153 paoem
314 3081 415 3138 hebent.
442 3081 478 3137 Et
490 3085 551 3137 sunt
563 3082 607 3153 qui
618 3099 665 3137 neo
675 3099 764 3154 paoem
774 3079 876 3145 hebent,
888 3097 936 3134 nee
947 3078 1008 3135 elios

216 3188 244 3244 in
260 3206 322 3259 paee
339 3187 487 3258 dimittunt3
505 3189 560 3246 eliis
578 3191 639 3246 sunt
659 3206 757 3260 graves,
776 3187 821 3244 sed
842 3184 891 3244 sibi
910 3203 1009 3258 semper
