2528 3850
289 421 336 468 2⁶⁴
542 415 591 466 DE
609 411 825 464 IMITATIONE
923 445 925 448 -

287 552 349 610 'Ius
356 551 415 625 jure
432 551 564 609 debentur.
601 551 667 608 Heu
678 549 736 608 Titi
749 549 835 616 reddo,
847 551 875 603 et
891 545 996 602 reddere
1014 543 1080 599 desi-

289 659 349 716 dero
361 678 406 731 per
417 659 530 732 singulos
541 660 595 716 dies
607 663 634 716 et
645 660 774 715 momente
782 659 925 727 temporum
935 673 943 719 ;
961 655 1038 722 etque
1047 649 1081 704 sd

289 763 444 820 reddendum
455 782 554 820 menum
565 763 623 820 'libi
634 765 729 836 gratiss
745 768 772 819 et
783 761 879 827 lsudes,
892 776 979 815 omnes
995 756 1081 812 000100-

289 875 329 926 tes
341 871 446 942 spiritus
458 875 484 928 et
496 875 602 928 0000000
611 871 697 928 fideles
706 870 774 926 nuos
782 867 900 941 precibus
909 869 936 922 et
948 864 1081 921 effectibus

290 975 370 1032 invito
382 980 409 1031 et
421 993 506 1034 exoro.

326 1085 351 1137 5.
368 1081 487 1138 Inudent
503 1081 540 1138 'Ie
554 1079 667 1137 universi
682 1080 777 1154 populi,
789 1079 881 1146 tribus,
893 1084 920 1135 et
935 1080 1036 1152 lingue,
1054 1081 1081 1133 et

291 1189 407 1242 sanetum
418 1190 446 1242 et
457 1186 604 1244 mellifluum
615 1205 708 1242 nornen
719 1187 803 1243 'tuum
814 1205 873 1242 eum
885 1203 983 1241 summu
991 1183 1082 1256 jubila·

291 1292 361 1348 tione
372 1294 399 1347 et
411 1291 510 1348 ardenti
530 1291 664 1348 devotione
680 1291 850 1365 magnificent.
885 1291 921 1348 Et
939 1292 1083 1362 quicunque

292 1405 436 1458 reverenter
454 1417 483 1458 sn
506 1401 596 1458 devote
619 1402 769 1458 dtissimurn
788 1403 978 1458 Ssnrsrnenturn
1000 1401 1084 1456 Tuum

293 1506 428 1574 eelebrent,
441 1510 468 1562 et
479 1507 553 1580 plens
568 1505 618 1563 fids
635 1509 768 1580 recipiunt,
781 1507 890 1578 gratiam
905 1511 932 1562 et
946 1507 1084 1562 miseriror-

294 1611 360 1668 dism
373 1613 442 1684 apud
453 1613 489 1668 Te
499 1614 612 1670 invenire
623 1617 776 1680 mereantur,
789 1617 816 1670 et
833 1633 879 1686 pro
896 1631 937 1668 me
954 1617 1085 1684 peccatore

294 1717 442 1789 suppliciter
457 1723 581 1786 exorent;
599 1739 707 1792 cumque
724 1723 813 1792 optata
830 1719 964 1775 devotione
982 1737 1011 1774 se
1023 1719 1086 1773 frui-

293 1822 339 1879 bili
350 1823 443 1880 unione
458 1825 535 1897 potiti
551 1825 654 1892 fuerint,
668 1829 695 1881 et
712 1825 777 1882 bene
794 1825 917 1882 consolati
934 1843 964 1880 00
981 1824 1085 1880 mirifiee

294 1928 384 1984 refecti
404 1929 435 1985 de
456 1948 528 1986 suern
545 1949 632 1986 meuse
649 1931 747 1988 eoelesti
762 1930 937 1995 abscesserint,
955 1930 1005 1986 mei
1024 1948 1086 2001 psu-

295 2034 362 2106 peris
373 2036 500 2092 reeordari
511 2036 655 2110 dignentur.

569 2437 687 2493 CAPUT
710 2437 814 2492 XVIII.

298 2611 372 2656 QUOD
401 2612 479 2651 Hono
507 2613 563 2652 NON
587 2614 629 2652 sle
659 2614 790 2654 GUEIOSUB
813 2615 971 2656 SORUTATOB
993 2617 1089 2656 SACRI·

332 2705 428 2755 MEIITI,
447 2706 497 2744 SED
515 2705 632 2746 numme
650 2708 783 2748 munros
801 2708 918 2758 emur,
943 2709 1090 2750 emmeno

333 2799 442 2838 seusun
459 2799 535 2839 SUUM
552 2800 644 2839 SAORAE
660 2801 744 2840 mul.

336 2957 361 3010 1.
381 2954 552 3011 '‘Gerendurn
570 2956 669 3012 esttibi
684 2975 700 3012 e
715 2959 814 3014 euriosn
829 2961 857 3014 et
871 2959 958 3014 inutili
973 2977 1087 3031 perseru-

302 3061 399 3117 tstione
416 3062 493 3132 hujus
510 3061 701 3133 profundissimi
717 3063 879 3130 emamus,
898 3063 921 3119 si
937 3081 989 3120 nou
1004 3065 1044 3120 vis
1062 3065 1088 3119 in
