2524 3844
508 445 655 493 CHRISTI
681 445 703 494 1.
713 447 737 496 B.
1010 447 1025 500 ⁷

267 587 292 640 5.
310 583 334 638 O
351 583 373 638 si
388 585 487 637 tentem
503 580 651 636 adhiberent
663 579 820 650 diligentiam
831 577 864 634 ed
875 579 1024 652 extirpando

230 691 293 745 vitis
311 692 338 745 et
354 690 463 746 virtutes
484 687 639 752 inserendos,
658 685 735 742 nenti
752 685 784 740 ad
800 686 936 742 movendas
957 705 1023 758 qne·

230 796 333 861 stiones,
342 813 393 850 non
403 795 493 851 fierent
503 797 577 849 tanta
588 793 654 849 mols
665 796 691 848 et
703 792 819 848 sosndnln
827 793 962 866 inpopnlo,
975 813 1022 850 neo

229 903 302 956 tenta
317 901 450 957 dissolutio
461 902 489 956 in
500 899 628 957 ooenobiis.
665 899 750 964 cero„
763 897 911 954 adveniente
923 900 964 956 die
976 901 1021 956 Ju-

228 1005 590 1080 dioii,nonqnaeretnranobis
598 1005 1019 1078 qnidlegimus,sedquidieoimns‚

227 1129 275 1166 neo
293 1130 369 1183 quem
392 1111 456 1167 bene
480 1111 597 1178 diximus,
616 1111 661 1166 sed
678 1129 754 1183 qoem
768 1111 885 1185 religiose
901 1113 1018 1169 viximus.

227 1218 277 1273 Dio
288 1218 358 1284 mihi,
371 1217 416 1274 ubi
428 1222 489 1274 sunt
503 1217 578 1274 modo
592 1237 678 1273 omnes
694 1218 732 1273 iili
745 1217 840 1274 domini
854 1223 880 1274 et
895 1221 1018 1294 magistri,

226 1342 290 1397 qnos
302 1325 366 1382 bene
379 1326 481 1392 novisti,
495 1325 557 1382 dum
573 1324 654 1380 adhue
666 1325 779 1380 viverent
794 1325 860 1380 etin
872 1326 963 1382 studiis
975 1327 1018 1382 flo-

226 1433 327 1486 rerent?
344 1432 403 1486 Jam
418 1449 506 1486 eornm
518 1429 665 1504 praebondos
684 1430 726 1485 alii
741 1431 878 1502 possident,
891 1436 918 1488 et
933 1434 1018 1490 nescio

225 1541 313 1592 utrum
325 1537 356 1594 de
368 1538 405 1592 eis
418 1536 568 1610 reoogitent.
604 1537 638 1590 In
648 1536 702 1592 vito
715 1555 762 1591 sun
775 1537 869 1610 aliquid
883 1557 939 1594 esse
950 1539 1019 1595 vide·

224 1641 326 1707 bantus,
341 1649 367 1697 et
379 1641 454 1697 modo
466 1641 497 1697 de
508 1641 559 1696 illis
573 1644 681 1696 tanetus.

261 1750 285 1802 6.
304 1747 328 1802 Ο
348 1767 423 1820 quom
441 1749 493 1804 oito
510 1748 603 1803 transit
620 1748 701 1825 glorio
716 1749 818 1804 mundi!
838 1749 946 1806 Utinam
963 1751 1018 1807 vito

225 1870 313 1908 eorum
330 1853 442 1909 soientiae
455 1854 569 1925 ipsorum
583 1853 775 1910 concordasset!
795 1854 867 1909 Tune
882 1853 947 1909 bene
965 1859 1017 1912 stu-

225 1957 339 2014 duissent
351 1963 377 2015 et
388 1959 518 2034 legissent.
556 1961 638 2021 Quom
655 1961 730 2016 multi
744 1964 852 2034 pereimt
867 1980 914 2033 per
927 1981 1017 2020 vanam

224 2064 355 2119 seientiam
365 2065 393 2120 in
407 2066 457 2122 hoo
474 2068 573 2134 seculo
587 2068 632 2140 qni
645 2087 735 2141 parum
746 2071 837 2124 ouant
851 2068 883 2124 de
897 2069 953 2124 Dnn
966 2089 1016 2127 ser·

223 2171 296 2227 vitio!
315 2173 352 2228 Et
363 2174 423 2244 quis
433 2175 515 2248 magis
527 2175 636 2248 diligunt
648 2176 734 2248 magni
742 2195 805 2242 esse,
815 2195 890 2248 quom
898 2177 1014 2247 humiles,

222 2278 279 2334 ideo
287 2287 437 2336 evanuerunt
444 2285 472 2336 in
481 2285 669 2354 cofitationibus
677 2285 751 2338 sut'sss.
773 2282 841 2337 Vere
850 2302 957 2356 magnus
966 2289 1013 2352 est,

222 2388 266 2458 qui
277 2407 395 2462 magnam
407 2389 485 2446 habet
497 2389 635 2444 caritatem.
670 2389 739 2444 Vere
750 2408 857 2462 magnus
870 2394 916 2457 est,
930 2393 974 2464 qui
987 2393 1014 2448 in

222 2515 250 2552 se
260 2515 353 2568 pervus
366 2501 413 2564 est,
426 2501 453 2553 et
467 2516 515 2569 pro
526 2497 604 2554 nihilo
616 2515 690 2552 omne
706 2497 806 2553 eulmen
819 2497 922 2553 honoris
934 2498 1012 2554 dneit.

221 2601 289 2657 Vere
299 2601 410 2676 prudens
422 2606 470 2669 est,
484 2603 528 2675 qui
542 2603 627 2658 omnio
641 2605 743 2658 terrens
756 2606 896 2659 arbitratur
911 2610 940 2658 ut
954 2610 1014 2660 ster-

221 2709 493 2777 oora‚et0nn1snnn
511 2709 677 2783 lumyaoatl.
713 2710 749 2765 Et
764 2728 823 2766 vere
841 2709 905 2766 bene
922 2711 1013 2768 doetus

221 2818 268 2880 est,
288 2815 332 2886 qni
348 2816 405 2872 DEI
421 2815 579 2873 voluntatem
594 2816 656 2872 facit
673 2819 700 2872 et
716 2815 958 2872 suamvoluntatem
975 2835 1013 2874 ro·

220 2916 321 2989 linquit.

331 3049 344 3081 s
360 3039 421 3080 Rom.
431 3041 446 3080 i.
457 3041 491 3082 21.
733 3042 745 3075 n
762 3041 817 3082 Pho.
828 3043 857 3082 in.
867 3042 888 3082 e.
