2528 3850
271 331 571 346 ...-.—-—--...-—--·

560 429 609 480 DE
627 429 845 482 IMITATIONE

312 569 381 625 renis
397 567 430 624 ad
445 568 558 625 eoelestis
575 568 681 624 amanda
698 569 817 636 sustollit,
830 573 857 625 st
873 568 905 624 de
921 569 1015 625 oamsli
1032 567 1107 640 spiri-

312 673 408 730 tualem
419 675 502 732 efficit.
539 675 644 735 Quanto
654 675 735 748 igitur
745 675 848 732 Natura
859 675 966 748 amplius
981 673 1109 746 premitur

313 784 340 837 et
355 781 472 847 munitur,
484 785 558 837 tanto
571 782 652 854 major
669 782 758 838 Gratia
774 781 935 849 iuiunditm3
952 784 979 837 et
991 780 1109 853 quotidie

313 886 385 942 novis
396 886 584 943 visitationibus
601 887 707 944 intutior
722 885 799 944 homo
815 887 956 944 seeundum
970 885 1109 958 imaginem

313 992 558 1049 Dn1rel0rmatur.''

597 1187 845 1242 mennas·

610 1403 729 1460 CAPUT
754 1404 812 1464 LV.

349 1579 386 1620 DE
405 1578 596 1619 GORRUPTIONE
614 1579 742 1632 mamm,
758 1580 793 1619 ΕΤ
811 1581 956 1621 Ennomon
968 1582 1077 1621 GRATIAE

653 1687 768 1728 mmmm.

351 1851 376 1906 1.
394 1849 511 1905 Douma
523 1850 601 1906 Duos
611 1867 693 1918 meus,
707 1851 760 1911 Qui
772 1869 813 1908 me
825 1851 919 1908 creasti
929 1851 963 1907 ad
974 1851 1114 1924 imaginem

316 1959 343 2013 at
364 1956 555 2012 similitudinem
575 1957 663 2023 Tuam
689 1957 798 2014 consede
821 1957 885 2014 mihi
906 1957 973 2015 hano
993 1959 1112 2030 gratiam,

317 2081 393 2134 quam
408 2062 545 2118 ostendisti
561 2066 614 2118 tam
630 2080 749 2134 magnam
768 2066 795 2118 et
813 2062 982 2118 neeessariam
1000 2063 1033 2117 ad
1047 2063 1115 2118 salu·

317 2172 378 2235 tem,
390 2172 421 2225 ut
432 2169 532 2225 vineam
543 2169 679 2240 pessimam
689 2172 808 2224 usturam
819 2187 910 2235 meam,
923 2169 1068 2224 trahentem
1079 2169 1115 2224 ad
1175 2192 1177 2219 a

318 2277 422 2349 poetata
432 2279 459 2332 et
470 2275 498 2330 in
514 2275 690 2348 perditionem.
726 2275 814 2331 Sentio
826 2273 905 2330 enim‘
918 2275 946 2329 in
961 2292 1035 2330 same
1055 2293 1116 2330 mea

318 2383 402 2454 legem
430 2381 536 2453 peooati,
561 2381 777 2436 oontradioentem
799 2380 851 2452 legi
873 2381 967 2435 mentis
990 2398 1060 2445 mee,
1085 2383 1115 2435 et

320 2487 448 2558 captiuam
464 2504 505 2541 me
524 2485 658 2560 dueentem
676 2486 709 2541 ad
724 2485 892 2543 obediendum
908 2485 1068 2541 sensualitati
1085 2485 1115 2540 iu

320 2591 424 2658 multis3
454 2608 501 2645 neo
523 2607 628 2661 possum
650 2591 769 2647 resistere
792 2589 952 2662 passionibus
976 2589 1039 2659 ejus,
1064 2588 1116 2644 nisi

321 2695 424 2752 assistat
447 2694 503 2748 Tua
526 2693 685 2750 sanctissima
708 2697 797 2767 gratie,
822 2695 893 2751 sordi
915 2713 972 2751 meo
996 2694 1117 2751 ardenter
1181 2670 1183 2685 ’

320 2801 412 2856 inlusa„

357 2909 381 2962 2.
404 2905 476 2976 Opus
489 2905 696 2978 estgratia'lim,
710 2910 841 2979 etmagua
852 2907 942 2979 gratia,
955 2907 1119 2962 utvinoatur
1246 2853 1247 2916 i

322 3014 414 3067 natura
432 3013 468 3067 ad
485 3014 576 3066 malton
596 3031 686 3082 semper
701 3032 784 3084 prorsa
801 3016 833 3068 ab
852 3015 1019 3068 odolescentia
1040 3028 1119 3069 amau.
1184 3066 1185 3075 ,

421 3133 620 3175 rossemanne.
