2546 3842
415 459 560 512 CHRISTI
578 459 630 508 III.
645 461 682 517 la,
697 461 731 506 14.
927 459 970 506 lll

182 597 253 656 tibus
264 595 319 662 tibi,
332 593 377 666 qui
392 592 471 650 toties
487 591 575 646 Duum
586 589 721 660 offendisti,
734 588 899 645 et-infemum
910 589 973 645 mul-

183 702 260 758 tatiea
276 697 413 756 manenti?
435 696 487 752 Sed
503 695 617 768 pepaiuit
636 695 686 752 tibi
705 695 794 750 oculus
811 695 896 762 Meus,
915 695 975 767 quie

183 805 295 880 pretioue
302 801 677 874 luitauimatuainconapectu
683 802 745 857 Mea
754 824 762 869 ;
771 805 802 857 ut
809 820 975 874 cognosceres

184 912 343 968 dssactionem
365 910 460 978 Meam,
479 912 506 965 et
525 912 614 980 gratus
636 927 735 980 semper.
754 907 882 964 benefieiis
906 908 975 964 Meis

184 1019 323 1086 existerea3
341 1027 368 1073 et
383 1021 414 1072 ut
426 1015 459 1072 acl
469 1035 555 1072 veram
566 1016 748 1089 subjectionem
760 1020 788 1072 et
803 1016 976 1072 humilitatem

184 1131 211 1183 te
231 1125 329 1199 jugiter
352 1124 432 1192 dures,
451 1123 627 1196 patienterque
649 1123 780 1194 pmprium
798 1127 973 1196 contemptun

186 1233 294 1288 ferres?

510 1393 663 1504 *ttt'

476 1652 593 1708 CAPUT
618 1652 692 1708 XIV.

279 1849 315 1888 DE
328 1849 458 1888 occutus
470 1850 518 1890 DEI
530 1850 649 1890 sumens
663 1849 887 1901 consmnnaume,

395 1946 432 1984 Na
445 1946 629 1984 excommun
640 1946 670 1984 IN
682 1945 772 1993 BONIS·

225 2106 250 2161 1.
268 2107 374 2164 Intcuae
386 2125 463 2178 super
474 2125 514 2162 me
523 2105 620 2179 judicia
630 2107 691 2172 Tua,
705 2107 828 2173 Douma,
846 2109 873 2162 et
890 2106 982 2162 timore

190 2231 220 2268 ac
228 2215 338 2270 tremore
349 2213 464 2269 concutis
476 2213 560 2269 omnia
570 2231 629 2269 osse
638 2231 701 2280 mea,
711 2218 737 2268 et
744 2213 888 2286 expavescit
900 2213 985 2269 anima

191 2339 248 2375 mea
263 2319 361 2376 valde..
380 2321 426 2376 sto
443 2321 576 2388 attonitus,
595 2325 622 2376 et
641 2319 772 2376 considero
788 2321 848 2393 quia
864 2323 920 2377 cccli
936 2341 984 2376 non

128 2452 130 2465 ¹
191 2435 249 2486 auat
276 2432 361 2486 mundi
371 2432 399 2486 ia
416 2435 542 2501 compacte
562 2432 623 2487 Tuo.
659 2431 687 2486 Si
705 2434 732 2485 ἐκ
750 2433 852 2504 Anqelie
870 2434 987 2503 repenti

190 2539 362 2608 pravitatem,
374 2555 422 2592 nec
432 2541 519 2593 tamen
529 2539 672 2611 pepercisti,
685 2539 747 2611 qnid
759 2540 803 2595 fiet
815 2539 846 2596 de
858 2541 920 2596 met
938 2540 986 2596 Ge·

193 2643 310 2700 cidenmt
327 2644 407 2700 atellae
423 2645 454 2701 de
465 2645 535 2712 aoelo,
551 2650 578 2702 et
594 2665 642 2718 ego
659 2647 742 2719 pulvis
759 2647 821 2720 quid
837 2649 984 2720 prasumat

196 2749 313 2809 Quorum
335 2769 413 2824 opera
438 2752 591 2809 videbantun
617 2753 758 2820 laudabilia
784 2752 930 2810 cecideruut
953 2755 986 2810 ad

195 2858 287 2924 infima,
300 2869 327 2915 et
345 2860 389 2930 qui
405 2859 568 2916 comedebant
585 2879 676 2933 penem
691 2862 855 2934 Angelorum,
869 2861 922 2918 vidi
937 2860 986 2918 sili

197 2967 254 3036 quia
268 2966 388 3022 delectari
398 2985 539 3039 percorum.

232 3081 256 3134 2.
280 3077 360 3132 Nulle
382 3080 422 3132 est
443 3095 504 3148 ergo
524 3078 653 3143 sanctitas,
674 3077 815 3134 cimanum
832 3078 919 3144 Iliam,
934 3077 986 3133 Dc

462 3197 722 3244 ¹10bxv.1t;eeiv.18.
