2524 3844
298 419 330 464 31
548 415 597 464 DE
616 415 833 464 IMITATIONE

297 513 458 627 cordetenus
470 549 612 621 compungi,
625 549 693 604 intre
703 549 785 604 cubile
796 552 878 614 tuum,
891 552 918 604 11
930 549 1034 604 exclude
1046 553 1088 604 tu-

296 656 392 711 multus
408 656 503 723 mnndi,
516 656 583 711 sicul
599 656 722 727 scriptum
734 660 791 711 est:
815 659 847 711 In
863 659 983 710 cubilibus
1000 659 1089 712 vestris

298 766 503 835 compunpimim't
538 763 572 818 In
595 763 658 819 calla
677 763 797 828 iuvenies,
823 762 891 834 quod
910 763 972 818 ioris
996 764 1088 835 sapius

296 870 407 950 emittes.
444 869 514 924 Cella
525 870 672 924 continuata
688 868 817 934 dulcescit,
836 873 862 924 et
879 869 945 924 male
962 869 1090 924 custodita

296 975 401 1053 teejdium
411 978 523 1047 generat.
560 976 588 1030 Si
602 975 630 1030 in
646 975 769 1047 principio
781 975 950 1031 conversionis
961 978 1013 1031 tuae
1025 975 1089 1031 bene

296 1101 353 1138 eam
375 1082 509 1138 incolueris
526 1087 553 1138 et
574 1083 731 1149 custodieris,
749 1083 798 1138 erit
821 1082 870 1137 tibi
891 1085 981 1153 postea
998 1081 1090 1138 dilecta

249 1173 250 1176 Ἴ
297 1190 378 1261 amica
389 1194 415 1245 et
427 1189 600 1260 gratissimum
612 1189 738 1244 solatium.

250 1299 251 1305 ’
333 1298 357 1368 d.
375 1297 410 1350 In
420 1296 520 1351 silentio
532 1300 558 1351 et
571 1297 655 1367 quiete
666 1296 765 1368 proficit
777 1296 860 1350 anima
871 1294 969 1362 devota,
980 1299 1006 1350 et
1016 1295 1090 1350 discit

298 1403 446 1458 abscondita
464 1404 657 1476 Senipturanim.
693 1403 736 1459 Ibi
749 1404 846 1460 invenit
860 1405 957 1459 fluenta
971 1375 1090 1476 lacryma·

253 1565 254 1568 ,
298 1529 362 1576 nunu,
378 1510 469 1581 quibus
487 1510 592 1582 singulis
612 1509 730 1566 noctibus
748 1527 776 1565 se
792 1509 861 1565 lavet
884 1509 1041 1577 emundet,
1060 1513 1090 1565 ut

247 1622 252 1638 ²
299 1617 431 1696 conditori
449 1637 495 1674 suo
512 1621 585 1673 tanto
602 1591 748 1673 familiuiior
765 1618 817 1684 fiat,
831 1621 925 1689 quanto
940 1617 1040 1690 longius
1059 1618 1090 1674 ab

298 1727 367 1782 omni
379 1726 492 1782 saecului
502 1726 615 1782 tumultu
632 1725 709 1798 degit.
746 1724 799 1784 Qui
811 1741 871 1796 ergo
888 1743 915 1779 se
933 1723 1058 1779 abstrahit
1076 1743 1092 1778 a
1128 1770 1130 1774 ,

250 1829 251 1832 '
297 1836 365 1894 notis
386 1839 413 1914 et
434 1835 527 1900 amicis,
546 1831 729 1905 approximabit
749 1831 785 1886 illi
805 1832 884 1887 Duos
904 1849 963 1886 cum
985 1830 1091 1902 Angelis

298 1937 400 2012 sanctis.
435 1942 531 1997 Melius
542 1944 582 1997 est
593 1940 672 1995 latere
684 1942 710 1994 et
722 1939 763 1994 sui
775 1956 861 1994 curam
877 1955 960 2008 agere,
974 1955 1050 2007 quam
1063 1955 1091 1992 se

297 2041 414 2126 neglecto
432 2049 505 2120 signa
521 2047 611 2126 iacere.
655 2045 794 2102 Laudabile
809 2046 848 2100 est
862 2043 959 2099 homini
973 2043 1091 2115 religioso

252 2146 253 2152 ἵ
298 2172 356 2227 raro
367 2154 435 2209 foras
447 2154 492 2217 ire,
505 2153 594 2225 fogere
605 2153 692 2220 videri,
704 2153 771 2208 nolle
784 2153 861 2208 etiam
871 2151 987 2206 homines
998 2150 1091 2206 videre.

334 2263 358 2320 7.
378 2258 503 2320 Quidvis
522 2236 614 2325 videre,
633 2258 701 2331 quod
717 2277 770 2314 non
786 2258 851 2314 licet
862 2257 975 2313 habere?
1004 2259 1092 2310 lianc-

298 2374 321 2424 a
338 2369 441 2424 mandas
460 2372 486 2423 et
508 2370 699 2437 concupiscentia
722 2369 795 2438 ejuo.
831 2365 946 2421 'lbahunt
970 2363 1093 2420 desideria

252 2491 257 2552 ι’
301 2473 471 2530 sensualitatis
490 2472 523 2528 ad
539 2447 699 2546 spatiandum
708 2496 716 2541 3
735 2473 781 2530 sed
798 2492 857 2529 cum
873 2474 937 2528 hora
953 2471 1090 2537 transient,

300 2578 363 2650 qnid
373 2577 423 2634 nisi
433 2578 584 2650 gravitatem
598 2577 757 2642 conscientia
773 2582 800 2634 11
814 2578 896 2648 cordis
911 2577 1092 2650 dispersionem

300 2663 434 2757 reportas?
451 2684 540 2740 Latus
552 2685 635 2740 exitus
653 2685 754 2740 tristem
762 2704 829 2756 saepe
845 2684 957 2740 reditum
973 2684 1047 2757 parit,
1065 2687 1093 2740 11

300 2789 360 2846 laeta
370 2789 456 2862 vigilia
467 2792 577 2847 serotina
587 2769 662 2847 triste
673 2811 746 2847 manc
755 2792 824 2848 lacit.
860 2792 902 2848 Sic
911 2811 985 2848 omne
994 2793 1093 2848 camele

302 2899 422 2974 gaudium
438 2900 528 2957 blande
544 2879 632 2968 intrat,
651 2900 741 2957 sedin
755 2901 805 2955 fine
822 2899 921 2956 mordet
939 2903 965 2956 et
982 2899 1093 2972 perimit.

824 3119 835 3140 ¹
850 3111 944 3151 1ssoh.
955 3111 977 3150 11.
987 3109 1019 3152 11.
