2546 3842
444 446 589 497 CHRISTI
606 446 658 500 111.
681 449 720 507 35,
732 449 771 498 86.
958 451 1005 498 158

211 577 372 646 mdiatnones,
392 579 561 648 oonfndones,
579 581 757 650 eorrectiones,
774 582 801 637 et
818 578 1002 652 despectiones.

211 681 277 738 Haeo
282 683 374 755 juvant
386 682 419 739 ad
429 683 560 752 vnmtem,
571 684 626 740 hae
636 684 746 758 probant
758 684 876 740 Omen
884 683 1002 752 tironem,

209 787 534 846 haeefabrieanteoelestem
540 807 666 846 eoronam.
684 789 742 862 ego
748 789 851 846 reddam
860 788 1003 846 mermi

150 938 151 949 ,
211 897 330 946 eternam
338 910 386 964 pro
394 892 466 949 brevi
473 893 566 960 labora
576 897 604 949 et
612 893 736 949 infinitam
743 893 850 966 gloriam
855 910 903 966 pro
911 894 1002 951 transi-

209 995 276 1052 toria
286 997 441 1054 oonfmione.

244 1100 269 1156 3.
287 1103 303 1132 “
310 1101 392 1158 Putas
403 1105 434 1157 tn
445 1102 514 1174 quod
525 1121 624 1175 semper
635 1102 739 1159 habebis
753 1119 801 1174 pro
811 1104 858 1159 tna
869 1104 1000 1160 voluntate

208 1205 392 1262 consolationes
421 1207 586 1279 spirituales?
626 1207 713 1264 Sancti
735 1207 792 1262 Mei
819 1224 872 1264 non
900 1226 1000 1281 semper
1041 1177 1043 1250 i

207 1309 352 1368 habuerunt
367 1311 440 1379 tales,
459 1311 505 1368 sod
521 1312 616 1368 multos
633 1312 780 1384 gravitates,
799 1315 826 1368 et
843 1313 998 1370 tentationes

206 1415 296 1485 varias,
308 1434 462 1489 magnasque
473 1416 651 1473 desolationes.
670 1416 721 1474 Sed
731 1416 859 1490 patienter
871 1417 997 1474 sustinue-

205 1524 266 1576 runt
277 1540 306 1578 se
316 1521 345 1578 in
355 1521 480 1589 ommtus,
489 1525 516 1578 et
524 1523 605 1595 magis
617 1521 705 1578 oonfisi
713 1523 775 1578 sunt
782 1521 845 1577 Dno
854 1539 930 1593 qnam
939 1521 995 1588 sibi,

204 1626 313 1682 seientes
325 1630 384 1699 qaia
395 1645 443 1684 nou
453 1633 512 1684 aaut
522 1629 651 1700 condique
661 1629 789 1698 ρααείοπω
799 1627 872 1697 hujus
883 1629 996 1698 terporis

203 1732 467 1804 adfuturamylon'am
476 1729 689 1802 promerendnm·.
706 1729 994 1796 Vistnstetimhabere,

202 1837 271 1908 quod
282 1837 357 1893 multi
367 1840 427 1909 post
438 1837 532 1893 multas
543 1835 666 1908 menas
678 1837 705 1891 et
719 1851 826 1907 magnos
841 1833 940 1890 labores
951 1834 995 1890 vix

202 1941 387 1999 ohtinuemnti
415 1942 531 2015 Expeeta
547 1940 698 2007 Domum,
713 1939 820 1997 viriliter
831 1957 886 2010 age,
898 1941 925 1996 ot
936 1956 994 1996 oon·

200 2046 310 2116 fatam
338 2048 391 2104 noli
408 2047 528 2114 diffidere,
546 2045 600 2103 noli
620 2045 764 2112 diseedere;
790 2044 837 2102 sed
856 2061 948 2116 eorpus
966 2047 994 2100 et

200 2153 309 2208 animam
320 2171 417 2226 expone
426 2154 573 2209 constanter
580 2168 627 2224 pro
635 2150 716 2222 gloria
724 2150 788 2206 Der.
823 2150 881 2222 Ego
889 2149 993 2207 reddam

198 2256 350 2328 plenissime,
362 2259 415 2330 Eyo
427 2262 503 2314 neam
514 2274 556 2312 ero
567 2257 594 2309 ia
605 2257 670 2310 omni
681 2253 882 2310 ratmont?

514 2434 658 2480 Q

459 2607 578 2666 CAPUT
605 2607 732 2666 XXXVI.

353 2785 460 2826 cosm
475 2785 550 2826 vm
567 2785 704 2826 EORUM
720 2784 839 2826 sumen.

232 2913 256 2968 1.
275 2911 570 2986 “Filijaotaoortunm
580 2914 989 2982 firmiterinDom0,ethuma-

196 3035 257 3073 num
268 3036 301 3074 ne
312 3022 412 3076 metuas
422 3019 554 3093 jndioinm,
565 3021 612 3079 ubi
621 3025 650 3078 te
661 3021 816 3078 oonsoientia
826 3020 897 3092 pium
904 3019 989 3076 reddit

295 3138 464 3181 *Bone-1121&
683 3140 779 3182 sPexa
790 3141 847 3187 ‹xa›
857 3140 888 3181 1e.
