2546 3842
448 469 449 474 ’
474 466 618 514 CHRISTI
637 466 689 514 111.
709 466 748 515 21.
960 467 1004 514 125

207 602 347 674 purissime,
361 603 512 658 Dominator
525 605 649 658 universe
668 607 797 667 creatorae,
811 599 868 673 quis
880 601 943 657 mibi
959 601 1003 657 det

206 726 302 778 pennas
320 725 386 762 verae
403 707 529 765 libertatis
547 706 579 762 ad
596 707 732 763 volandum
749 713 776 762 et
797 707 956 779 pausandum
973 708 1002 763 in

205 815 261 868 'Pet
280 812 413 884 Oquando
425 812 457 868 ad
470 814 573 886 plenum
585 813 687 870 dabitur
698 813 761 868 mihi
772 831 868 879 venare,
879 817 906 868 et
915 813 1001 869 videre

205 936 285 989 quam
304 919 389 974 suavis
413 938 448 984 es,
473 920 589 974 Donum
613 921 692 975 Deos
716 921 809 975 meust
837 919 947 980 Quando
969 921 999 975 ad

204 1029 307 1100 plenum
324 1047 365 1085 me
382 1029 527 1101 recolligam
543 1029 572 1085 in
589 1029 633 1096 Te,
650 1033 681 1084 ut
701 1048 754 1102 prae
771 1047 856 1084 amore
873 1030 930 1085 Tuo
946 1047 1000 1085 non

204 1131 312 1194 sentiam
323 1133 371 1208 me,
384 1138 429 1194 sed
441 1140 476 1194 Te
488 1138 571 1194 solum
589 1157 666 1210 supra
680 1157 780 1194 omnem
792 1157 895 1194 sensum
908 1141 934 1193 et
946 1156 998 1193 mo-

204 1243 272 1310 dum,
282 1245 310 1299 in
318 1244 393 1300 modo
404 1263 457 1299 non
467 1243 585 1300 omnibns
596 1245 679 1301 noto?
697 1243 776 1300 Nune
784 1247 872 1299 autem
883 1245 1000 1315 frequen-

202 1353 246 1404 tur
258 1367 339 1420 gemo,
350 1353 376 1405 et
384 1349 559 1405 infelicitatem
571 1368 653 1408 meam
664 1368 723 1406 cum
735 1349 820 1405 dolore
832 1353 906 1422 porto
912 1369 920 1415 ;
938 1349 998 1421 qnia

202 1455 284 1509 multa
300 1455 366 1510 mala
377 1456 404 1510 in
419 1455 467 1511 hae
478 1455 543 1511 valle
554 1456 713 1511 miseriarum
728 1459 874 1521 occurrunt,
888 1473 944 1526 quae
956 1473 998 1509 me

202 1558 294 1632 sepius
306 1561 466 1628 eontinbent,
480 1562 632 1618 contristant
640 1565 671 1617 'et
684 1560 840 1626 obnubilant,
850 1561 942 1632 saepius
952 1561 997 1616 im-

201 1666 307 1738 pediunt
320 1670 346 1722 et
358 1667 511 1733 distrahunt,
525 1667 638 1723 alliciunt
650 1670 677 1723 et
693 1667 830 1739 implicant,
843 1685 877 1721 ne
888 1667 996 1722 liberum

201 1773 307 1828 habeam
324 1791 454 1829 aooessum
466 1774 498 1829 ad
509 1775 553 1840 Te,
567 1783 593 1830 et
605 1793 638 1830 ne
653 1773 772 1846 jucundis
790 1773 861 1828 finni
878 1772 996 1845 amplexi-

201 1880 256 1946 bus,
275 1885 368 1952 praesto
387 1901 485 1954 semper
499 1901 557 1937 oum
571 1881 653 1937 beatis
668 1881 806 1952 spiritibus.
842 1881 948 1936 Movent
959 1881 996 1936 Te

146 1994 148 2039 ἱ
200 1987 337 2058 suspirium
349 2006 433 2043 meum
445 1991 472 2043 et
484 1987 605 2043 desolatio
617 1985 751 2058 multiplex
761 1985 790 2040 in
800 1988 877 2041 terra.

235 2095 259 2145 4.
273 2092 296 2146 Ο
308 2092 326 2146 J
326 2109 385 2158 nso,
399 2092 523 2164 Splendor
535 2095 635 2147 aeternae
647 2090 741 2164 glorie,
755 2090 872 2148 Solamen
883 2091 993 2162 peregm‘·

199 2197 283 2252 nantis
293 2199 389 2264 nnimae,
398 2198 466 2270 apud
473 2199 508 2254 Te
516 2201 555 2253 est
563 2216 592 2254 os
599 2217 684 2253 meum
691 2197 745 2252 sine
753 2215 821 2263 vooe,
831 2199 857 2252 et
865 2197 993 2252 silentium

199 2321 283 2358 meum
295 2300 407 2377 loquitor
419 2305 483 2360 Tibi.
519 2305 661 2376 Usqueqno
672 2303 757 2359 tardat
765 2304 851 2360 venire
860 2304 992 2358 Donnnns

198 2413 290 2465 meus?
316 2411 410 2466 Veniat
431 2410 464 2466 ad
481 2429 523 2466 me
545 2409 727 2483 pauperculum
751 2410 838 2475 Suum,
860 2413 886 2464 et
904 2409 991 2464 letum

198 2516 294 2571 faeiat?
321 2517 414 2573 Mittat
433 2536 536 2573 manum
557 2517 642 2582 Suam,
659 2520 686 2571 et
706 2517 827 2570 miserum
847 2515 937 2587 eripiat
959 2513 990 2569 de

197 2622 265 2676 omni
283 2622 408 2694 angustia.
443 2622 518 2688 Veni,
538 2622 612 2677 veni:
641 2621 700 2693 quia
717 2622 772 2678 sine
795 2621 831 2676 Te
851 2619 921 2674 nulla
940 2620 988 2674 erit

196 2725 256 2780 laeta
273 2726 327 2784 dies
351 2732 396 2784 aut
419 2728 490 2793 hora,
510 2728 569 2798 quia
586 2728 627 2783 Tu
643 2727 733 2783 letitia
750 2745 813 2793 mea,
834 2729 860 2783 et
880 2726 934 2781 sine
952 2726 989 2780 Te

196 2851 275 2888 vaona
298 2837 338 2888 est
361 2851 449 2888 mensa
471 2852 534 2890 mee.
570 2835 652 2890 Miser
670 2853 733 2904 suni,
755 2837 781 2890 et
805 2831 989 2904 quodammodo

194 2938 364 2994 inearoeratns
382 2942 409 2994 et
427 2939 589 3011 oompedibns
606 2943 734 3011 gravatus,
754 2939 834 2994 donee
851 2938 907 3008 luee
924 2956 988 3008 prae-

195 3043 283 3097 sentite
303 3043 365 3100 mae
381 3063 423 3101 me
440 3045 545 3115 reficias,
563 3063 593 3100 ao
607 3045 720 3101 libertati
737 3045 823 3112 dones,
838 3045 987 3114 vultumque

194 3148 351 3204 amicabilem
362 3149 526 3206 demonstres.
