2524 3844
464 440 607 490 cnmsm
625 439 662 490 11.
682 443 720 490 ια.
953 441 983 490 ao
1035 416 1038 547 J

191 575 292 644 oportet
303 576 334 628 ut
346 573 478 630 sustineas.
508 573 573 628 Vult
584 573 651 628 enim
659 573 746 637 Deos,
755 570 982 627 uttiibuletionem
1035 568 1038 613 l

10 615 12 706 l
191 678 246 733 sine
263 678 433 733 oonsolntione
449 679 505 750 peti
519 678 648 743 discaset
665 677 912 734 utlllitotnliterte
925 677 982 734 sub·

186 783 260 854 jioias
278 787 305 838 et
321 783 439 838 humilior
456 802 489 839 ex
504 783 668 839 tnliulatione
685 783 738 837 fies.
773 784 858 838 Nemo
875 785 913 839 ita
929 802 982 839 oor·
1035 780 1037 793 '

189 888 290 944 dialiter
300 889 379 944 sentit
390 890 532 960 passionem
544 889 668 954 Gmsm,
681 887 780 943 aientis
792 889 833 942 oui
845 889 981 961 contigeiit

191 999 283 1054 similia
292 1001 355 1071 peti.
391 999 461 1054 Crux
470 1017 531 1070 ergo
542 1017 641 1070 semper
652 1001 739 1069 parete
751 1001 798 1062 est,
811 1001 837 1053 et
848 997 943 1070 ubique
954 1003 981 1054 te

190 1110 317 1178 expectat.
353 1107 415 1162 Non
429 1110 503 1178 potes
519 1107 638 1178 effugere,
659 1123 807 1176 quoeunque
823 1104 979 1169 annuerim

188 1213 256 1282 quis,
281 1228 431 1282 quoeunque
451 1211 549 1266 veneris
572 1215 600 1266 te
622 1211 706 1282 ipsum
728 1213 814 1265 tecum
833 1213 929 1281 portas,
953 1214 980 1264 et

186 1335 287 1388 semper
297 1320 325 1371 te
336 1317 420 1387 ipsum
430 1317 549 1372 invenies.
586 1316 712 1372 Converte
723 1319 751 1370 te
761 1334 845 1387 aupes
858 1319 979 1372 converte

186 1423 214 1474 et
225 1420 307 1486 infre;
325 1423 443 1475 converte
454 1423 482 1475 te
494 1423 573 1485 extre
588 1424 707 1476 converte
719 1423 745 1474 te
760 1420 844 1474 intra:
863 1423 890 1475 et
900 1421 928 1475 im
939 1421 979 1474 his

186 1525 306 1580 ommtus
321 1525 433 1581 invenies
450 1543 557 1590 ennoem,
571 1529 598 1580 et
614 1543 717 1580 neeesse
735 1528 775 1580 est
790 1529 818 1579 te
833 1523 927 1596 ubique
942 1528 979 1580 te

184 1649 246 1684 nere
257 1629 412 1702 patientiam,
425 1630 448 1685 si
464 1630 592 1685 internam
608 1631 647 1686 vis
664 1631 756 1687 habere
773 1648 867 1702 paoem,
880 1632 907 1685 et
924 1648 979 1700 per-

184 1741 290 1808 petuam
300 1735 438 1807 promereri
448 1753 573 1791 eoronam.

221 1845 246 1896 5.
265 1841 292 1896 Si
302 1841 411 1896 libenter
421 1859 521 1896 erucem
532 1846 627 1912 portes,
640 1840 752 1911 portabit
769 1843 804 1905 te,
818 1843 844 1894 et
857 1839 933 1895 ducet
945 1840 976 1893 ed

184 1945 355 2001 desideratum
366 1945 448 2011 finem,
461 1944 506 2001 ubi
519 1945 615 2000 scilieet
626 1946 682 2000 finis
699 1945 812 2017 patiendi
823 1946 879 2011 erit,
892 1963 977 2015 quam-

183 2051 224 2105 vis
235 2049 277 2105 hio
288 2069 340 2105 non
351 2051 407 2105 erit.
445 2049 472 2104 Si
489 2049 568 2104 invite
583 2055 677 2120 portas,
690 2068 754 2105 onus
766 2050 814 2104 tibi
825 2049 895 2114 lacis,
908 2053 934 2104 et
949 2053 976 2103 te

183 2156 269 2227 ipsum
290 2155 372 2227 magis
395 2173 500 2228 gisam
518 2158 545 2210 et
568 2158 654 2209 tamen
676 2158 777 2225 oportet
794 2157 825 2208 ut
842 2154 974 2208 sustineas.

184 2261 215 2315 Si
227 2260 313 2332 abjicis
325 2279 401 2314 unam
413 2277 519 2324 erucem,
533 2251 607 2313 eliam
624 2258 800 2332 proculdubio
813 2259 931 2324 invenies,
944 2263 971 2313 et

182 2365 292 2420 forsitam
302 2365 449 2437 graviorem.

219 2472 244 2524 6.
263 2470 352 2525 Credis
367 2473 398 2525 tu
414 2469 526 2534 evadere,
546 2468 614 2540 quod
628 2468 713 2523 nullus
731 2468 874 2523 mortalium
891 2469 975 2540 potuit

182 2575 331 2646 praeterire?
355 2575 422 2635 ouis
440 2575 591 2629 Sanctorum
612 2573 640 2628 in
662 2573 757 2628 mundo
780 2572 835 2628 sine
852 2591 927 2628 ernoe
948 2579 975 2629 et

182 2677 349 2733 tribulatione
358 2679 429 2734 fuit?
446 2679 504 2734 Nee
512 2679 579 2733 enim
590 2679 673 2732 Jnsos
681 2679 829 2742 Gnmsnos,
840 2678 975 2733 Dominus

184 2786 280 2848 noster,
303 2801 355 2838 una
376 2783 439 2838 hora
461 2784 515 2838 sine
538 2783 622 2838 dolore
639 2783 762 2855 passionis
779 2783 836 2848 fuit,
856 2782 975 2854 quamdiu

183 2886 255 2942 vixit.
286 2889 423 2958 Oportebat,
436 2887 708 2959 ait,GHR1snoMpata',
721 2894 746 2943 et
754 2908 876 2960 reserpere
886 2908 903 2943 a
914 2908 973 2942 mor·

188 2994 246 3057 tuis,
271 2997 296 3046 et
319 2995 357 3048 ita
375 2997 469 3048 intrare
487 2997 514 3048 ia
533 2997 640 3066 ploaa'oaa
662 2996 757 3052 suamc.
793 2995 829 3049 Et
850 2993 973 3066 quomodo

458 3157 466 3176 ⁸
484 3150 503 3188 S.
514 3150 562 3190 Lno.
571 3150 630 3189 xxiv.
639 3150 670 3198 lo,
680 3149 709 3190 26.
