2546 3842
291 458 335 508 108
537 459 585 509 DE
604 459 820 510 IMITATIONE

288 593 369 649 multa
379 594 440 666 pati,
454 597 579 668 quomodo
590 603 653 655 tuno
664 600 801 657 sustinebis
818 602 903 674 ignem
918 603 1078 676 purgatorii?

289 705 330 762 De
348 705 447 764 duobus
464 709 536 764 malis
559 710 643 766 minus
667 715 707 766 est
731 730 830 783 semper
852 711 1003 784 eligendum.
1039 713 1079 769 Ut

289 831 350 886 ergo
378 818 473 872 eterne
499 817 587 873 futura
615 818 738 890 supplicia
764 818 846 890 possis
874 820 987 886 evadere,
1015 820 1081 875 mals

289 919 424 992 presentis
437 922 540 980 studeas
557 943 604 996 pro
621 925 683 980 Duo
698 925 870 997 equanimiter
887 917 1002 984 toletane.
1038 929 1081 984 An

289 1029 365 1097 putas
391 1027 460 1100 quod
490 1029 603 1086 homines
628 1031 714 1087 seculi
743 1032 820 1104 hujus
843 1033 907 1090 nihil
928 1035 970 1091 vel
991 1053 1081 1108 parum

290 1133 439 1206 patientes?
468 1137 526 1194 Neo
548 1138 597 1194 hoe
619 1138 739 1207 invenies,
765 1140 864 1196 etiamsi
892 1140 1081 1198 delicatissimos

291 1245 428 1316 quesieris.
987 1291 990 1297 f

315 1352 339 1406 3.
352 1353 379 1384 “‘
387 1351 438 1407 Sed
448 1351 559 1418 habent,'
568 1352 660 1424 inquis,
674 1351 776 1409 ‘multas
789 1349 977 1424 delectationes,
989 1361 1016 1410 et
1027 1373 1083 1426 pro

291 1457 358 1530 prins
376 1463 519 1530 sequuntur
535 1459 687 1526 voluntates,
706 1458 813 1532 ideoque
830 1477 921 1532 parum
942 1458 1083 1532 ponderant

292 1585 351 1622 suas
362 1566 556 1623 tsibuletiones?

327 1674 352 1727 4.
371 1673 466 1739 “Esto,
479 1673 517 1728 ita
528 1673 569 1738 sit,
582 1675 613 1728 nt
624 1672 734 1729 habeant
746 1670 869 1744 quidquid
880 1672 1021 1742 voluerint3
1040 1673 1086 1730 sed

293 1778 420 1851 quamdiu,
433 1782 517 1851 putas,
535 1777 656 1834 durabit?
674 1779 748 1845 Eece,
766 1779 976 1850 quemadmodum
991 1779 1084 1845 fumus,

294 1885 410 1942 definient
422 1884 579 1942 abundantes
591 1886 619 1941 in
633 1885 732 1952 seculo,
746 1889 772 1941 et
788 1886 858 1942 nulla
881 1886 930 1943 erit
946 1885 1087 1943 recordatio

293 1995 482 2066 preteritorum
502 1993 659 2066 gaudiorum.
696 1993 747 2048 Sed
770 1996 873 2049 etcum
889 1993 972 2075 adhue
988 1992 1086 2060 vivunt,

295 2121 348 2158 non
366 2102 421 2158 sine
441 2101 608 2157 amaritudine
621 2104 649 2156 et
664 2099 740 2156 tedio
757 2119 787 2156 ao
801 2102 893 2157 timore
908 2101 936 2156 in
952 2099 988 2155 eis
1006 2099 1087 2171 quies·

295 2211 365 2263 eunt.
400 2207 443 2262 Ex
459 2205 547 2262 eedem
564 2225 672 2278 namque
688 2224 724 2271 re,
743 2205 811 2261 unde
829 2205 878 2262 sibi
895 2205 1087 2262 deleetetionem

295 2313 447 2385 concipiunt,
466 2311 526 2368 inde
547 2311 640 2368 doloris
663 2332 762 2385 poenam
785 2311 933 2384 frequenter
954 2312 1088 2384 recipiunt.
1125 2320 1128 2430 Ι

295 2421 313 2474 J
313 2423 371 2475 uste
382 2419 432 2490 illis
443 2420 481 2486 fit,
493 2423 532 2485 ut,
545 2417 604 2491 quia
621 2418 763 2475 inordinate
775 2417 956 2474 delectationes
972 2421 1090 2491 querunt
1126 2431 1128 2451 ¹

296 2530 322 2581 et
343 2529 492 2596 sequuntur,
511 2544 563 2580 non
580 2525 635 2580 sine
652 2525 799 2580 ooniusione
817 2529 844 2581 et
862 2525 1030 2582 amantudine
1048 2544 1090 2580 eas

296 2629 421 2701 expleant.
457 2630 481 2684 Ο
505 2647 581 2701 quam
603 2629 700 2695 breves,
726 2649 802 2702 quam
824 2630 902 2697 falsae,
926 2651 1003 2704 qnam
1025 2631 1092 2688 inor·

297 2735 391 2790 dinete
419 2736 446 2789 et
477 2737 566 2805 tuspes
596 2753 682 2789 omnes
710 2735 786 2790 sunt!
824 2735 1016 2791 Verumtamen
1040 2753 1092 2808 pre

297 2839 422 2896 ebrietate
440 2843 467 2896 et
485 2840 600 2895 cecitate
617 2858 669 2896 non
685 2840 849 2914 intelligunt3
867 2841 920 2909 sed,
933 2843 1004 2898 velut
1021 2846 1094 2898 muta
1205 2882 1209 2891 ·

298 2948 423 3018 animalia,
440 2952 546 3021 propter
563 2948 690 3005 modicum
711 2949 882 3022 eorruptibilis
905 2949 966 3006 vite
987 2950 1093 3008 delecta·

299 3059 420 3126 mentum,
432 3060 539 3112 mortem
552 3057 641 3112 anime
652 3056 793 3114 inoummt.
831 3061 868 3114 lt
884 3078 949 3132 erqo,
962 3061 1023 3126 mli,
1036 3063 1095 3130 poa

298 3166 505 3236 concupiscentiae
526 3169 582 3220 tuas
600 3184 714 3232 1111111,
736 3170 763 3222 et
782 3185 799 3222 a
820 3167 1011 3222 voluntatatem
1027 3184 1095 3222 1111-
