2528 3850
444 449 588 498 CHRISTI
606 449 657 501 111.
669 453 708 499 ts.
927 453 974 501 205
1060 475 1062 479 ·

188 582 278 638 humili
292 584 376 637 mente
392 581 532 652 implorare,
545 599 621 652 quem
637 599 725 637 eorum
742 585 840 639 secretu
855 600 920 640 vanc
936 583 975 640 in·

189 688 325 760 quisitione
336 687 496 758 persuum

224 795 247 848 8.
267 792 334 848 “illi
348 791 412 848 bene
424 795 451 847 et
462 788 556 863 optiine
571 767 758 866 contentatur,
771 793 794 849 si
805 793 918 849 homines
930 789 976 849 sci-

188 902 246 954 rent
255 897 397 954 contentari
405 900 431 952 et
439 897 582 968 veriloquis
590 909 637 952 sut
644 914 809 968 compescere.
831 897 977 969 Nonglon'-

189 1008 264 1058 antur
276 1003 307 1058 de
318 1002 426 1074 propriis
437 1001 541 1067 meritis,
555 1001 647 1072 quippe
654 991 698 1073 oui
709 1002 758 1058 sibi
775 1003 838 1058 nibil
852 1002 977 1058 bonitatis

190 1109 343 1172 adscribunt,
357 1106 402 1162 sed
421 1110 506 1162 totum
523 1105 596 1172 Mihi,
615 1107 733 1177 quonium
750 1108 813 1180 ipsis
834 1111 926 1164 cuncte
945 1125 978 1163 ex

190 1213 291 1271 infinita.
304 1211 409 1268 caritate
423 1212 483 1268 Mea
499 1210 596 1268 doncvi
632 1212 713 1268 Tecto
729 1231 814 1270 amore
829 1213 978 1270 Divinitutis

190 1320 217 1373 et
229 1315 321 1388 gaudio
337 1315 523 1387 supereffluenti
533 1314 670 1386 replentur,
682 1320 713 1372 ut
724 1317 788 1372 nihil
799 1317 835 1372 eis
847 1317 913 1373 desit
924 1316 979 1390 glo·

191 1423 242 1486 ricc,
263 1420 375 1491 nihilque
394 1419 475 1490 possit
493 1419 580 1476 deesse
597 1420 734 1476 felicitatis.
770 1421 864 1478 Omnes
884 1422 978 1489 Sancti,

192 1530 286 1598 quanto
298 1525 399 1580 altiores
410 1526 438 1580 in
448 1525 535 1597 glorie,
547 1528 620 1580 terto
631 1526 776 1582 humiliores
787 1527 815 1583 in
830 1546 857 1582 se
868 1529 939 1598 ipsis²
950 1531 978 1584 et

193 1631 259 1686 Mihi
270 1630 402 1685 viciniores
417 1634 444 1685 et
456 1629 596 1686 dilectiores
614 1629 736 1686 existunt.
771 1629 885 1701 Ideoque
901 1630 979 1687 habes

193 1737 322 1807 scriptum,
344 1735 403 1806 quie
422 1737 549 1790 mittebant
566 1753 665 1790 coronae
687 1755 744 1790 suus
764 1740 821 1791 unte
838 1736 932 1801 Druse,
956 1741 982 1791 et

193 1841 599 1911 cecideruutiufuuieceuusccrauu
605 1841 887 1911 demutationum
896 1842 981 1896 Viven-

194 1951 240 1998 uu
252 1947 279 1999 iu
289 1945 379 1998 eueulu
390 1946 549 1998 cuculorum&

229 2050 254 2104 9.
273 2047 376 2103 “Multi
391 2049 514 2118 querunt,
525 2046 581 2118 quis
597 2045 677 2119 major
688 2046 722 2104 sit
733 2046 762 2101 ir
771 2047 925 2118 regcoDc1‚
938 2048 982 2118 qui

194 2154 312 2226 ignorent
324 2171 357 2210 cn
367 2170 426 2208 cum
436 2150 546 2208 minimis
564 2154 639 2207 erunt
651 2150 721 2224 digni
732 2152 880 2224 computari.
908 2151 983 2224 Meg·

195 2277 257 2316 num
273 2261 321 2325 est,
338 2257 381 2314 vel
391 2249 523 2314 minimum
533 2273 589 2312 esse
604 2256 632 2311 in
646 2255 716 2322 coelo,
734 2254 779 2311 ubi
795 2272 881 2311 omnes
899 2257 984 2328 magni

196 2363 331 2434 suntquis
342 2379 428 2417 omnes
440 2361 485 2416 filii
496 2361 552 2415 Dsr
559 2359 717 2416 vocobuntm
725 2361 752 2414 et
763 2361 845 2415 erunt.
866 2361 985 2416 Minimus

196 2470 245 2521 erit
257 2469 367 2531 inmitte,
380 2472 405 2521 et
410 2470 526 2536 peccatur
535 2470 627 2521 uectum
635 2483 751 2522 uiuorum
762 2469 877 2520 iuuetur
884 2473 900 2520 ¹.
919 2465 985 2520 Cum

198 2571 265 2624 enim
286 2573 426 2642 quaererent
449 2569 572 2642 discipuli,
596 2571 656 2642 quie
677 2572 755 2642 major
778 2575 838 2628 esset
861 2572 891 2626 iu
913 2589 986 2643 reque

199 2678 319 2740 euterun,
349 2675 400 2730 tole
430 2675 563 2731 audierunt
591 2694 756 2747 responsum:
790 2678 851 2731 Nice
880 2674 988 2732 conuersi

197 2781 304 2846 fueritis,
328 2783 353 2832 et
376 2783 512 2850 efficiemini
531 2783 595 2836 cetui
611 2784 723 2851 purvuli,
748 2783 935 2836 uouiutrubitie
960 2783 987 2834 iu

200 2901 298 2955 recusum
315 2886 432 2940 celerum.
471 2888 609 2957 Quicunque
630 2905 685 2958 eruo
705 2889 870 2942 humiliaverit
881 2904 912 2951 ee,
925 2886 988 2938 sieut

197 2991 317 3058 paruulus
329 2992 381 3058 iste,
394 2992 433 3044 lic
444 2990 521 3060 major
529 2997 565 3045 est
576 2995 603 3046 iu
611 3011 683 3063 reque
695 2993 824 3046 uutuuut.

215 3143 294 3191 repes.
303 3143 330 3183 iv.
340 3137 382 3187 102'
394 3153 413 3184 v.
423 3143 453 3184 ll.
488 3145 531 3184 ¹1e.
540 3145 569 3184 lx.
579 3145 616 3191 222
629 3145 671 3186 lxr.
681 3145 710 3184 20.
737 3145 770 3182 ⁸8.
781 3143 831 3182 Met.
841 3142 899 3181 xviii.
909 3141 921 3178 1
935 3140 954 3186 t.
963 3139 981 3179 l.
