2528 3850
471 437 616 488 cnursur
641 437 685 486 1v.
696 441 718 486 4.
941 443 992 500 rue,

196 576 261 634 rium
267 574 455 632 minationem
462 575 582 642 infundis,
593 578 619 630 ei
627 574 658 630 de
667 574 717 630 imo
726 574 873 647 dejectionis
880 577 987 647 proprie

197 681 229 738 ud
249 700 320 754 spem
339 683 400 736 Ture
417 681 582 752 protectionis
601 681 685 752 erigis,
705 683 781 752 atque
796 699 862 736 nove
879 681 988 753 quadum
1008 653 1012 659 .

196 788 281 860 gratis
306 805 349 844 cos
369 787 439 842 iuius
465 805 563 843 recreas
587 789 613 843 et
636 786 747 842 illustres
760 807 778 852 ;·
793 789 831 854 ui,
854 787 899 859 qui
919 785 987 842 anxii
1040 799 1043 803 ·

195 892 303 963 primum
320 899 347 948 et
364 892 418 947 sine
436 891 568 948 affectione
584 910 611 946 se
629 894 688 946 ante
706 890 914 946 Communicnem
932 909 986 946 sen·

195 1000 288 1064 serani,
301 983 397 1069 uestes,
408 998 499 1054 refecti
510 997 566 1054 cibo
577 1000 690 1069 potuque
701 997 805 1062 coelesti‚
816 997 844 1051 in
855 997 943 1052 melius
958 1015 986 1052 se

195 1107 307 1160 mutatos
320 1104 458 1159 inveniunt.
495 1102 574 1164 Quod
585 1103 678 1159 idcirco
690 1122 748 1159 cum
760 1103 848 1159 electis
860 1103 921 1158 Tuis
936 1102 985 1158 dis-

194 1211 330 1278 pensenier
341 1209 403 1280 egis,
413 1212 443 1264 ui
455 1209 578 1265 versciier
589 1212 734 1280 agnoscent,
741 1212 773 1268 ‚et
784 1211 901 1280 patenter
912 1227 985 1279 expe-

194 1314 299 1380 rientur,
310 1319 433 1387 quantum
444 1316 598 1372 infirmitatis
610 1303 642 1372 en
651 1334 678 1372 se
689 1317 751 1388 ipsis
762 1315 878 1385 heberent,
888 1319 914 1370 et
924 1315 985 1387 quid

193 1417 314 1475 bonitatis
327 1437 356 1476 ec
367 1421 455 1492 gratiae
467 1414 501 1477 en
510 1421 546 1476 'l'e
565 1413 766 1492 consequuntur:
786 1420 845 1491 quin
861 1439 893 1476 ex
905 1424 984 1476 semei

193 1521 255 1593 ipsis
273 1506 366 1595 ffigidi,
380 1524 444 1594 dmi,
460 1528 487 1580 et
503 1524 624 1591 indevoti,
643 1543 675 1580 ex
692 1525 729 1579 Te
745 1527 830 1580 autem
847 1523 982 1590 ferventes,

194 1627 295 1698 macres,
307 1633 334 1684 ei
346 1629 431 1686 devoti
443 1650 498 1688 esse
510 1634 645 1689 merentur.
682 1630 748 1691 Quis
761 1629 834 1698 enim,
844 1629 876 1684 sd
887 1629 983 1685 fontem

193 1736 325 1793 suscitetis
344 1738 474 1794 humiliter
493 1737 622 1808 accedens,
636 1755 690 1792 non
707 1735 833 1792 modicum
851 1734 983 1790 suavitatis

192 1841 251 1897 inde
268 1845 403 1915 reportat?
420 1845 475 1900 Aue
493 1843 557 1915 quis,
567 1843 642 1915 juxte
659 1841 788 1915 copiosum
803 1842 887 1914 ignem
903 1849 982 1908 siens,

192 1965 244 2003 uon
254 1968 344 2021 parum
361 1950 451 2006 celcris
469 1933 529 2005 inde
545 1949 673 2021 percipit?
690 1949 726 2004 nt
738 1948 778 2003 'Pu
790 1949 857 2003 Fons
875 1965 902 2002 es
919 1965 981 2002 sem·

192 2074 238 2126 per
254 2057 345 2128 plenus
362 2060 389 2112 et
410 2055 623 2128 superabundans,
642 2055 715 2126 Ignis
732 2055 829 2125 jugiter
845 2053 934 2108 ardens
955 2056 981 2106 et

191 2180 321 2232 nunquam
333 2162 459 2218 deficiens.

226 2271 251 2322 4.
269 2267 353 2336 Unde,
365 2268 388 2323 si
398 2267 462 2322 mihi
472 2284 524 2322 non
534 2266 594 2322 licei
604 2264 706 2320 haurire
717 2264 749 2319 de
763 2263 918 2334 plenitudiue
927 2263 981 2320 fon·

191 2374 233 2438 ris,
245 2392 292 2428 nec
309 2392 391 2445 usque
406 2372 438 2429 ud
456 2373 707 2442 sutietatempciere,
720 2389 842 2442 epponem
853 2373 939 2426 tumen
950 2388 979 2425 cs

190 2497 275 2535 meum
286 2477 320 2533 nd
336 2478 450 2533 foramen
465 2477 574 2533 ccelesiis
589 2476 689 2541 fistule,
702 2479 732 2531 ut
751 2477 839 2532 saitem
857 2476 979 2532 modicum

190 2584 248 2641 inde
264 2584 392 2657 guttulam
409 2582 506 2655 capium
523 2583 555 2638 ed
569 2582 755 2638 refocillandam
773 2583 841 2638 sitim
851 2599 940 2651 mecm,
952 2586 979 2638 et

189 2709 241 2747 nun
257 2691 360 2762 penitus
378 2707 528 2745 exerescam.
558 2690 601 2756 ut,
620 2689 643 2744 si
659 2689 767 2745 necdum
777 2693 849 2745 ictus
861 2689 977 2755 celestis,

189 2801 215 2853 et
226 2800 281 2852 iem
295 2798 392 2870 ignitus
408 2801 437 2852 ut
455 2797 590 2854 Cherubim
606 2802 632 2854 et
646 2797 782 2870 Seraphim,
794 2816 849 2854 esse
866 2817 976 2870 possum,

189 2903 298 2960 conabor
314 2907 400 2960 temen
410 2904 543 2962 ¹devotioni
560 2904 685 2971 insistere,
704 2907 731 2960 ei
749 2923 792 2960 cor
812 2924 896 2960 meum
916 2924 977 2976 pree

189 3027 283 3074 carere,
296 3011 327 3064 ui
338 3009 380 3064 vel
394 3009 517 3065 modicum
528 3010 616 3065 Divini
627 3009 737 3065 incendii
752 3011 877 3065 flammam
889 3028 920 3065 ex
932 3009 977 3064 hu·

185 3115 239 3170 miii
257 3116 401 3187 sumptione
421 3115 513 3172 vivifici
533 3115 689 3170 Sacramenti
708 3115 860 3186 conquiram.
897 3113 977 3174 Quid-
