2528 3850
456 441 599 491 CHRISTI
617 439 661 490 IV.
681 443 701 489 1.
927 447 974 492 213

183 601 212 640 sc
230 583 320 638 divinre
336 580 418 637 landis
441 579 528 635 extitit
551 577 691 633 recordatio
715 595 799 633 coram
820 596 878 634 arca
897 584 975 636 testa

182 690 280 756 menti3
299 691 393 759 quanta
411 704 480 742 nuno
499 685 562 740 mihi
581 688 608 739 et
626 684 695 739 omni
717 684 809 757 populo
831 685 975 742 Christiano

183 793 298 850 habenda
315 796 354 849 est
371 791 512 848 reverentia
530 793 557 846 et
575 790 675 846 devotio
693 790 720 845 in
736 791 871 862 prasentia
891 792 976 848 Sacra·

182 900 269 965 menti,
281 899 309 954 in
321 899 463 970 sumptione
475 895 678 952 excellentissimi
690 895 809 968 Corporis
822 897 938 954 Curemus
951 905 956 956 !

218 1009 260 1062 10.
279 1007 392 1062 Currant
409 1004 484 1060 multi
496 1003 528 1058 od
539 1003 638 1058 diversa
652 1002 708 1059 loca
718 1021 765 1074 pro
776 1003 908 1059 visitandis
920 1005 976 1059 reli·

184 1112 249 1184 quiis
274 1113 430 1176 Sanctorum,
453 1113 479 1166 et
502 1111 626 1166 ninantur
649 1111 743 1166 auditis
766 1110 846 1183 gestis
870 1129 974 1178 eorum3

184 1215 267 1286 ample
277 1214 382 1271 oedifioio
392 1215 542 1287 templorum
555 1216 699 1289 inspiciunt,
713 1221 739 1273 et
751 1218 897 1274 osculentur
912 1221 976 1275 seri-

184 1324 222 1379 cis
231 1326 257 1378 et
266 1342 327 1378 suro
336 1323 450 1379 involuta
458 1339 529 1378 secra
537 1341 594 1378 ossa
601 1323 721 1394 ipsorum.
746 1323 781 1379 Et
790 1342 855 1390 ecce,
866 1325 977 1397 lupra-

186 1447 244 1485 sens
254 1447 281 1484 es
289 1429 330 1484 hic
343 1428 410 1500 apud
418 1447 458 1484 me
469 1427 497 1482 in
505 1427 585 1493 elteri,
598 1428 676 1483 Duos
688 1447 767 1495 meus,
779 1431 887 1486 Sanctus
901 1433 977 1487 Sanc-

187 1539 279 1600 torum,
290 1535 395 1590 Creator
403 1533 540 1600 hominum,
550 1537 577 1589 et
584 1535 709 1589 Dominus
718 1519 881 1606 Angelorum.
907 1539 978 1609 Saepe

187 1641 215 1696 in
232 1639 325 1695 talibus
345 1639 459 1695 videndis
480 1639 612 1694 curiositas
631 1646 671 1694 est
688 1639 819 1695 hominum
834 1646 860 1696 et
878 1643 978 1698 novitas

188 1747 334 1811 invisorum,
347 1749 374 1800 et
388 1745 501 1800 modicus
517 1748 662 1816 reportatur
673 1745 855 1801 emendationis
870 1747 978 1814 fructus,

189 1851 296 1906 maxime
307 1849 352 1906 ubi
363 1853 403 1906 est
414 1854 467 1905 tam
476 1850 538 1905 levis
548 1850 669 1906 siuevera
677 1852 828 1908 contritione
838 1853 977 1909 discursus.

189 1959 242 2014 Hic
254 1961 339 2012 autem
347 1957 375 2012 in
383 1958 545 2012 Sacramento
557 1957 642 2012 altaris
654 1961 725 2013 totus
737 1976 847 2030 praeseus
856 1978 892 2026 es,
902 1960 979 2015 Duos

191 2081 269 2127 meus,
278 2062 354 2116 homo
363 2061 501 2116 Cunrsnus
510 2061 612 2127 lusus3
629 2061 709 2117 ubiet
718 2063 834 2134 copiosus
843 2064 980 2136 percipitur

191 2169 291 2222 aeterua
308 2165 397 2220 salutis
411 2165 518 2231 fructus,
540 2166 739 2238 quotiescunque
757 2167 835 2222 fueris
855 2167 931 2239 digne
950 2186 980 2223 ac

192 2271 283 2327 devote
303 2275 443 2343 susceptus.
479 2269 522 2324 Ad
543 2270 615 2325 istud
636 2289 696 2326 vero
719 2290 771 2326 non
790 2273 869 2327 trahit
891 2271 981 2330 levites

193 2377 283 2448 ulique,
300 2395 347 2432 nec
364 2376 504 2444 curiositas,
520 2380 564 2431 aut
585 2377 742 2447 sensualitas,
759 2377 804 2433 sed
821 2379 893 2434 firma
911 2379 980 2445 fides,

194 2483 286 2538 devota
297 2501 362 2554 spes,
376 2484 402 2536 et
414 2481 512 2537 sincere
523 2481 622 2536 caritas.

230 2591 272 2643 ll.
291 2588 314 2643 Ο
330 2587 461 2643 invisibilis
479 2587 602 2643 Conditor
617 2588 705 2642 mundi
720 2588 805 2654 Draus,
819 2608 893 2661 quam
910 2590 983 2645 mira

196 2692 280 2748 biliter
297 2692 351 2765 ogis
368 2693 507 2759 nobiscum,
526 2711 601 2764 quam
619 2693 730 2748 suaviter
747 2697 773 2748 et
791 2694 902 2766 gratiose
925 2712 983 2750 cum

196 2798 283 2854 electis
294 2799 356 2854 Tuis
368 2798 486 2870 disponis,
497 2797 588 2869 quibus
600 2801 679 2854 temet
690 2798 774 2870 ipsum
785 2799 813 2853 in
822 2799 993 2853 Sacramentum

196 2904 344 2960 sumendum
362 2904 495 2976 proponis!
515 2904 574 2960 Hoc
590 2922 699 2975 namquo
714 2922 814 2960 omnem
828 2903 984 2959 intellectum

196 3015 311 3082 superat;
330 3011 378 3066 hoc
392 3010 534 3082 specialiter
551 3009 699 3065 devotorum
715 3009 791 3065 corda
806 3008 892 3076 trahit,
904 3012 930 3063 et
946 3026 985 3063 ac·

195 3117 280 3173 cendit
298 3118 423 3173 affectum
459 3115 514 3187 Ipsi
525 3115 593 3171 enim
604 3113 659 3171 veri
675 3113 761 3169 fideles
773 3113 829 3182 Tui,
842 3113 886 3184 qui
903 3117 983 3167 totam
