2546 3842
459 294 699 303 Q

283 425 330 477 17⁰
532 425 581 474 Dll
599 425 814 475 IMI'I'ATIONE

281 561 384 618 ledunt.
421 560 449 615 Si
472 578 530 616 rsus
554 579 589 627 es,
614 561 701 633 eogita
723 561 792 634 quod
813 561 922 618 libenter
939 563 1073 620 emendare

281 672 309 724 te
327 668 406 734 relis;
434 667 456 723 ai
476 666 540 722 nihil
562 666 610 722 tibi
632 667 747 722 oonseius
771 685 806 733 es,
827 683 906 738 pensa
924 666 993 738 quod
1010 667 1073 723 velis

282 773 389 830 libenter
400 791 446 846 pro
458 774 519 830 Dno
531 775 580 830 hoo
591 775 724 832 sustinere.
759 775 855 830 Parum
867 773 928 830 satis
940 777 987 840 est,
996 777 1026 830 nt
1033 774 1075 831 vel

282 882 359 938 rerba
376 881 505 938 interdum
523 883 656 949 sustineas,
678 883 723 954 qui
745 881 854 938 nsednm
871 883 948 938 fortia
971 882 1075 939 verbera

281 993 389 1048 tolerare
398 993 473 1050 vales.
508 991 1073 1065 thuarotamparratibiadoortransennt,

281 1099 331 1154 nisi
351 1101 411 1170 quis
429 1099 510 1156 adhue
530 1101 636 1156 earnalis
657 1119 692 1168 es,
714 1103 741 1158 et
763 1100 878 1156 homines
898 1100 980 1172 magis
998 1117 1074 1170 quam

282 1207 383 1277 oportet
395 1205 525 1262 attendis?
554 1207 694 1278 Numquis
706 1206 801 1279 despici
812 1206 912 1272 metuis,
926 1203 1075 1278 reprehendi

281 1331 327 1384 pro
335 1313 478 1368 exoessibus
487 1313 617 1382 nonvis,et
626 1311 970 1368 exmmationumumbraeola
977 1309 1074 1382 queris.

317 1421 341 1474 2.
360 1419 434 1476 “Sed
444 1419 539 1491 inspioe
551 1421 578 1475 te
590 1419 687 1486 melius,
700 1420 726 1474 et
738 1435 874 1490 cognosces
887 1418 946 1489 quia
956 1418 982 1472 vi
1001 1415 1020 1469 't
1032 1415 1075 1469 ad-

281 1526 331 1582 hue
348 1527 375 1581 in
391 1530 419 1582 te
436 1525 553 1596 mundus,
565 1529 592 1581 et
607 1545 687 1581 vanus
705 1544 775 1580 emor
792 1524 906 1596 plaoendi
922 1523 1074 1582 hominibus.

282 1631 348 1687 Cum
357 1633 424 1688 enim
431 1632 528 1688 bassani
536 1631 632 1703 refugis
642 1635 668 1686 et
677 1629 797 1686 conlundi
805 1649 851 1702 pro
861 1630 1008 1697 defectibus,
1016 1649 1075 1686 oon-

282 1742 333 1794 stat
349 1739 438 1810 utique
456 1737 524 1810 quod
535 1757 581 1794 neo
592 1757 668 1793 verus
682 1735 785 1792 humilis
798 1737 840 1804 sis,
852 1753 900 1793 neo
910 1756 969 1793 rere
980 1737 1075 1792 mundo

281 1849 405 1911 mortius,
417 1863 465 1900 neo
475 1842 585 1899 mundus
593 1841 641 1900 tibi
652 1844 794 1900 crucifixus.
832 1842 882 1898 Sed
896 1841 956 1899 audi
970 1843 1076 1900 verbum

282 1951 377 2016 Meum,
399 1954 425 2006 et
441 1969 494 2005 non
513 1950 613 2006 curabis
633 1948 719 2005 decem
739 1949 819 2004 millia
838 1948 916 2005 verba
935 1949 1073 2005 hominurn.

282 2057 355 2122 Ecce,
370 2057 392 2112 si
404 2059 495 2112 ennete
506 2059 595 2112 eontra
610 2057 637 2111 te
654 2053 798 2111 dicerentur
815 2075 871 2128 quae
888 2056 951 2128 fingi
964 2042 1076 2112 ¹malitio-

282 2163 380 2219 sissime
395 2165 508 2234 possent,
527 2161 589 2234 quid
602 2160 651 2217 tibi
666 2163 793 2228 nooerent,
810 2161 832 2217 si
849 2162 951 2218 omnino
967 2163 1075 2219 transire

281 2269 449 2340 permitteres,
461 2287 509 2324 neo
520 2268 653 2341 plusquam
660 2268 785 2323 festucam
793 2268 981 2340 perpenderes?
1004 2289 1075 2324 nnm-

282 2374 344 2446 quid
355 2375 396 2430 vel
406 2394 486 2429 unum
498 2375 616 2447 capillum
627 2374 675 2429 tibi
687 2374 820 2429 extrahere
831 2375 957 2445 possent?

317 2482 340 2534 3.
356 2480 430 2534 “Sed
438 2480 482 2550 qui
489 2499 532 2536 oor
540 2481 609 2535 intus
618 2497 670 2535 non
681 2480 765 2545 habet,
774 2496 821 2535 neo
830 2480 978 2552 Dnumprae
986 2480 1073 2546 oeulis,

281 2584 390 2640 faciliter
408 2585 485 2640 verbo
507 2588 624 2640 movetur
642 2585 852 2656 vituperationis:
877 2584 921 2656 qui
940 2586 1027 2640 antem
1047 2585 1075 2639 in

281 2691 327 2746 Me
344 2689 456 2759 confidit,
473 2707 519 2745 neo
536 2689 638 2760 proprio
655 2689 751 2761 judicio
770 2693 837 2744 stare
855 2689 960 2761 appetit,
980 2688 1074 2761 absque

281 2797 390 2852 humano
402 2798 498 2852 terrore
511 2795 568 2850 erit.
603 2795 660 2867 Ego
672 2795 739 2850 enim
750 2815 808 2850 sum
819 2795 838 2850 J
838 2794 905 2850 udex
913 2797 940 2850 et
950 2795 1074 2868 Cognitor

280 2903 393 2959 omnium
411 2905 582 2968 secretorum
609 2902 666 2973 Ego
684 2902 736 2957 seio
754 2901 862 2973 qualiter
879 2921 921 2957 res
939 2905 996 2957 aeta
1019 2906 1074 2968 est;

279 3009 336 3080 Ego
359 3007 520 3080 injuriantem
543 3007 610 3076 novi,
633 3009 660 3062 ot
684 3009 861 3063 sustinentem.
896 3008 922 3062 A
939 3007 985 3062 Me
1011 3007 1074 3062 exiit

279 3115 385 3173 verbum
399 3113 476 3182 istud,
490 3115 535 3172 Me
546 3115 709 3188 permittente
720 3114 769 3170 hoo
783 3113 882 3180 accidit,
895 3119 924 3168 st
940 3116 1075 3170 revelentur
