2524 3844
231 245 243 259 ”
1140 241 1143 268 ι

284 427 317 474 aa
540 421 590 470 ou
608 418 826 469 rmrnarroua
1139 309 1142 479 l

285 562 401 618 veritate.
437 559 491 620 Qui
513 577 599 615 veram
627 561 654 614 et
678 561 798 614 aternam
818 555 924 628 gloriam
947 554 1083 621 desiderat,

286 665 451 738 temporalem
468 682 520 720 non
535 667 623 720 onrat:
642 667 668 718 et
685 663 730 735 qui
744 661 909 734 temporalem
925 662 1016 732 querit
1031 661 1085 733 glo·
1144 693 1146 698 ·

288 772 359 838 uiam,
372 774 481 826 autnon
491 788 524 825 ex
535 770 619 825 animo
631 768 778 834 oontemnit,
791 768 875 822 minos
888 783 971 821 amare
983 766 1084 821 eonvin-

289 876 357 931 oitnu
373 874 508 931 ooelestem.
544 875 667 946 Magnam
682 873 760 930 habet
771 873 854 928 nordis
865 871 1084 944 tranquillitatem,

291 983 336 1054 qni
346 1000 394 1037 neo
405 981 492 1037 landes
505 984 577 1036 ourat
589 999 636 1036 neo
647 981 781 1052 vituperia.

326 1091 350 1144 3.
369 1087 453 1143 Facile
471 1088 520 1142 erit
532 1090 667 1143 contentus
685 1093 711 1143 et
722 1091 836 1160 paratus,
845 1087 919 1158 eujus
931 1085 1087 1141 eonscientia

290 1197 385 1253 munda
400 1200 447 1252 est.
484 1197 584 1251 Nouos
597 1197 714 1262 sanctior,
730 1196 753 1251 si
768 1195 886 1261 madoris,
905 1213 952 1250 neo
969 1195 1050 1261 vilior,
1063 1196 1086 1250 si

291 1304 450 1377 vituperaris.
487 1304 565 1363 Quod
583 1323 618 1371 es,
637 1304 686 1359 hoe
704 1323 731 1360 es
741 1327 748 1371 ;
768 1323 816 1360 neo
834 1304 922 1359 melior
940 1303 990 1359 diei
1007 1303 1084 1366 vales,

293 1429 368 1482 quam
379 1410 441 1464 Duo
452 1413 520 1465 teste
532 1409 575 1465 sis.
613 1409 641 1464 Si
653 1410 763 1466 attendis
771 1410 834 1481 quid
845 1411 913 1483 apud
923 1415 951 1466 te
962 1411 998 1465 sis
1007 1411 1085 1476 intus,

292 1536 344 1572 uon
367 1516 466 1572 ourabis
491 1515 552 1587 qnid
575 1516 607 1573 de
631 1521 659 1572 te
681 1517 818 1588 loquantur
841 1517 963 1572 homines.
1007 1518 1086 1572 Homo

293 1626 359 1680 videt
376 1627 403 1678 in
411 1625 491 1694 farm,
504 1623 583 1677 Duus
598 1627 679 1677 autera
694 1626 721 1677 iu
736 1623 840 1678 eordel:
857 1622 933 1678 homo
945 1622 1086 1678 considerat

293 1731 374 1794 aotam
397 1728 476 1784 Dans
499 1746 560 1784 vero
583 1731 673 1800 pensat
696 1728 858 1785 intentiones.
893 1728 965 1784 Bene
988 1747 1086 1801 semper

294 1851 376 1905 agere,
386 1837 412 1888 et
423 1833 552 1889 modinum
565 1834 597 1890 de
609 1854 637 1891 se
647 1837 743 1902 tenere,
755 1836 857 1892 humilis
870 1837 958 1892 animae
965 1836 1087 1894 indioinm

294 1944 341 1996 est.
365 1940 442 1996 Nolle
454 1940 579 1996 consolari
592 1941 624 1996 ab
636 1941 720 2012 aliqua
726 1945 849 2008 oreatma,
862 1942 1086 2015 magnanimitatis

294 2050 321 2102 et
333 2046 440 2102 interna
451 2045 551 2101 fldneiae
563 2047 665 2118 signnm
677 2050 724 2102 est.

329 2156 354 2208 t.
367 2152 421 2212 Qui
436 2152 534 2207 nullum
547 2154 704 2210 extrinsecus
721 2173 768 2226 pro
786 2173 813 2210 se
831 2155 1005 2211 testimonium
1021 2175 1086 2227 quse-

294 2261 336 2326 rit,
349 2260 429 2330 liquet
447 2259 515 2331 qnod
532 2261 645 2316 totaliter
657 2281 684 2318 se
698 2263 759 2317 Duo
777 2263 910 2318 commisit.
945 2265 1005 2318 Non
1016 2267 1086 2328 erim,

295 2366 339 2436 qui
360 2383 385 2419 aa
410 2368 486 2436 iprum
507 2370 659 2434 commendat,
678 2371 723 2424 ille
737 2373 857 2440 probatus
875 2375 919 2436 eat,
941 2371 977 2425 ait
996 2369 1087 2426 beatiss

295 2471 398 2536 Paulus,
423 2475 467 2527 red
482 2492 550 2544 quem
567 2463 645 2529 Duos
663 2479 810 2532 commendet
819 2477 833 2533 ¹.
868 2477 1006 2534 Ambulare
1030 2496 1088 2533 enm

296 2577 357 2633 Duo
374 2578 451 2645 intus,
464 2596 512 2634 nee
529 2578 613 2651 aliqua
630 2581 762 2639 affectione
774 2584 856 2640 teneri
867 2583 936 2648 foris,
950 2586 1034 2638 status
1046 2587 1086 2640 est

295 2685 389 2741 interni
400 2685 516 2741 hominis.
1132 2674 1133 2697 ¹

394 2840 668 2893 sansaosamixnr.
832 2845 985 2885 *soonam
