2524 3844
444 470 456 500 ,¹
473 458 617 508 CHRISTI
642 458 662 506 I.
675 460 696 507 4.
711 460 732 504 5.

491 767 494 774 '
506 763 624 822 CAPUT
643 759 646 766 '
657 761 693 818 V.

241 923 247 939 ·
292 934 329 972 nn
347 933 481 972 naumann
499 929 664 971 snacnnanm
682 922 902 966 scammum.

236 1069 261 1125 1.
281 1069 383 1124 Veritas
403 1070 442 1123 est
459 1067 487 1122 in
505 1065 642 1137 seripturis
661 1062 760 1117 Sanctis
779 1058 921 1132 quaerenda,
940 1073 993 1111 non

199 1173 351 1246 eloquentia
376 1174 465 1229 Omnis
478 1171 609 1243 Scriptura
621 1171 697 1224 Sama
708 1187 738 1223 eo
750 1167 842 1239 spiritu
849 1164 924 1220 debet
932 1163 991 1236 legi,

200 1298 250 1351 quo
266 1281 335 1336 faeta
348 1283 395 1335 est.
432 1280 553 1340 Quarere
570 1277 655 1349 potius
672 1275 791 1332 debemus
809 1275 947 1330 utilitatem
963 1274 992 1330 in

189 1385 339 1457 seriptmis,
364 1403 440 1457 quam
462 1384 630 1440 subtilitatem
653 1383 783 1438 sermonis.
818 1381 863 1436 Ita
884 1379 992 1436 libenter

190 1488 303 1546 ‘devotos
315 1493 342 1545 et
354 1490 479 1562 simplices
487 1489 564 1545 libros
576 1488 660 1562 legere
669 1487 796 1554 debemm,
809 1487 876 1543 sient
888 1487 953 1542 altos
965 1489 992 1542 et

190 1594 344 1666 profundos.
380 1596 442 1651 Non
450 1599 477 1651 te
485 1595 596 1650 offendat
609 1594 745 1650 anetontaa
753 1593 894 1659 sentientis,
903 1596 991 1649 ntrnm

198 1721 283 1775 parva
306 1703 347 1758 vel
369 1721 467 1775 magna
489 1702 628 1757 literaturae
648 1701 733 1767 fuen't,
758 1700 805 1756 sed
828 1719 898 1755 amor
920 1718 992 1772 punse

198 1809 312 1864 veritatis
327 1809 451 1864 tetrehat
462 1807 648 1881 adlegandum.
684 1808 747 1863 Non
757 1827 854 1880 quaeras
866 1808 923 1896 quis
941 1809 989 1865 hoa

199 1915 298 1982 dixerit,
311 1916 357 1972 sed
368 1916 429 1989 quid
440 1917 539 2000 dicatus
551 1917 661 1972 attende.

233 2027 257 2080 2.
275 2023 400 2080 Homines
414 2027 556 2090 transeunt,
570 2024 616 2080 sed
631 2027 722 2080 vetitas
739 2026 851 2080 Donnn
866 2030 949 2080 stataet
966 2028 993 2081 in

198 2127 329 2185 eternum&
370 2131 430 2186 Siue
441 2149 605 2203 personarum
617 2131 762 2202 acceptione
774 2131 849 2186 variis
862 2131 943 2186 modis
957 2131 992 2186 lo-

198 2235 285 2307 quitur
295 2237 368 2293 nobis
379 2238 466 2293 Dans.
503 2238 643 2293 curiositas
655 2242 743 2293 nostra
754 2257 820 2309 saepe
829 2257 876 2294 nos
884 2239 991 2310 impedit

196 2341 225 2396 in
234 2341 343 2400 lectione
353 2345 548 2416 seripturarum,
558 2364 617 2400 enm
624 2345 739 2400 volumus
751 2345 892 2417 intelligere
905 2349 931 2402 et
941 2347 991 2402 dis·

197 2450 776 2523 cutere,nbisimplieiteressettranseundum.
812 2454 954 2525 Sivisprot
982 2488 992 2497 -

197 2563 254 2616 tum
265 2561 373 2628 hemina,
385 2561 441 2634 lege
452 2563 589 2628 humiliter,
603 2563 757 2634 simpliciter,
771 2567 797 2619 et
815 2563 930 2630 fideliter,
944 2583 992 2620 nee
1007 2556 1008 2560 ¹

197 2672 701 2742 nnqnemvelishaberenomenseientiae.
736 2673 873 2746 Interroga
883 2673 992 2730 libenter

197 2784 225 2836 et
245 2779 304 2834 andi
320 2783 407 2835 tacens
425 2779 503 2835 verba
519 2781 684 2847 Sanctorum
708 2799 756 2836 nee
776 2781 926 2852 displiceant
943 2777 993 2837 tibi

197 2886 322 2958 parabolae
333 2887 475 2944 seniorum:
494 2887 549 2942 siue
560 2905 637 2942 cansa
648 2886 715 2942 enim
726 2905 777 2942 non
788 2887 960 2960 proferuntur.

468 3021 474 3054 ¹
490 3023 524 3062 1²1.
535 3022 589 3064 exal.
600 3021 682 3074 (cxvii.)
692 3021 712 3063 ἱ.
