2528 3850
305 441 352 488 214
556 435 605 484 DE
623 435 837 486 ΙΜΙΤΑΤΙΟΝΕ

304 575 382 630 vitam
394 591 466 628 suem
477 573 510 629 ad
521 573 720 629 emendationem
732 573 877 644 disponunt,
893 591 925 628 ex
938 573 986 629 hoe
998 573 1094 646 digniu-

304 681 366 735 simo
380 681 541 735 Sacramento
552 687 669 751 magnam
677 678 818 735 devotionis
830 679 939 750 gratiam
948 682 974 735 et
986 679 1091 736 virtutis

304 806 414 844 amorem
425 788 570 859 frequenter
580 787 712 858 recipiunt.

338 897 380 950 12.
399 895 422 950 Ο
440 894 591 950 admirabilis
614 897 641 949 et
659 893 806 950 absoondita
822 894 905 966 gratia
929 893 1093 961 Sacramenti

304 1019 379 1072 quam
395 1004 490 1057 norunt
506 1005 607 1057 tautum
625 1000 740 1056 (inurent
758 1001 852 1066 fideles,
873 1001 985 1057 infideles
1007 1005 1094 1056 eutem

304 1111 330 1163 et
353 1109 464 1180 peooutia
488 1109 625 1164 servientes
643 1108 754 1179 experiri
771 1127 822 1164 non
839 1109 961 1179 possunt!
992 1108 1026 1162 Iu
1042 1108 1092 1164 hoo

305 1214 465 1269 Sacramento
477 1214 606 1268 confertur
618 1213 755 1284 spiritualis
771 1214 860 1285 gratie,
873 1216 900 1268 et
916 1216 1048 1284 reparatur
1064 1213 1094 1267 in

304 1320 386 1374 anima
405 1319 487 1374 virtus
504 1320 602 1385 amissa,
618 1322 644 1374 et
661 1338 708 1391 per
724 1321 856 1390 peceatum
872 1318 1012 1374 deformata
1024 1317 1092 1373 redit

302 1425 471 1497 pulchritudo.
507 1427 590 1480 Tanta
609 1429 649 1481 est
670 1425 803 1496 aliquando
822 1425 876 1481 haea
894 1426 984 1498 gratia,
1002 1429 1040 1494 ut,
1058 1443 1092 1481 ex

302 1532 459 1604 plenitudine
470 1533 567 1588 collatae
579 1532 727 1600 devotionis,
739 1551 791 1587 non
801 1535 902 1588 tantum
915 1551 994 1600 meus,
1007 1533 1052 1589 aed
1063 1537 1091 1589 et

303 1639 384 1696 debile
397 1658 487 1712 eorpus
498 1639 565 1696 vires
577 1639 625 1696 sibi
636 1639 763 1711 praestitas
775 1639 869 1694 sentiet
881 1639 1021 1711 ampliores.
1082 1627 1084 1630 ¹

330 1748 372 1801 13.
385 1744 623 1802 Dolendumtamen·
630 1749 669 1800 est
675 1748 705 1800 'et
714 1744 884 1800 miserandum
889 1744 963 1800 vulda
970 1745 1091 1816 superte

302 1853 409 1926 piditate
424 1856 450 1907 et
465 1853 620 1924 negligentia
634 1853 731 1918 nostra,
744 1851 812 1924 quod
823 1871 876 1908 non
886 1852 977 1924 majori
994 1853 1089 1909 effoeti·

302 1976 350 2014 one
359 1959 483 2014 trahimur
495 1959 527 2014 ad
534 1959 681 2014 Cumarum
690 1958 847 2025 sumendum,
856 1960 884 2014 iu
893 1960 952 2022 Quo
963 1961 1020 2014 tota
1031 1977 1090 2029 spes

302 2065 478 2121 salvandorum
507 2066 623 2122 consistit
652 2068 678 2120 et
708 2065 836 2121 meritum.
873 2065 934 2136 Ipse
957 2065 1026 2120 enim
1049 2069 1089 2120 est

302 2173 467 2229 sanctificatio
478 2177 567 2228 nostru
578 2176 604 2228 et
616 2172 771 2244 redemptio;
790 2173 850 2243 Ipse
862 2171 1000 2226 oonsolatio
1009 2171 1088 2228 viato-

267 2338 269 2342 ,
300 2292 366 2345 rum,
384 2282 410 2335 et
429 2280 578 2334 Sanctorum
595 2280 690 2333 aterna
709 2276 805 2333 fruitio.
830 2277 985 2333 Dolendum
1004 2277 1091 2348 itaque

301 2384 381 2452 valde,
402 2385 471 2456 qnod
488 2383 563 2438 multi
579 2386 633 2438 tam
646 2401 736 2455 paruum
749 2383 798 2438 hoo
812 2383 923 2440 salutare
940 2383 1090 2455 mysterium

301 2489 443 2558 advertunt,
456 2490 524 2561 quod
540 2491 630 2546 coelum
644 2489 762 2560 latifioat,
776 2493 803 2545 et
816 2489 940 2545 mundum
958 2493 1090 2546 oonserrot

300 2591 455 2650 uuiversum.
491 2595 553 2650 Heu
564 2597 664 2651 oaeoitas
676 2599 702 2651 et
714 2596 809 2651 duritie
820 2597 902 2652 eordis
914 2596 1025 2661 humeni,
1035 2599 1090 2650 tem

300 2701 426 2757 ineffabile
438 2701 532 2756 donum
544 2720 595 2757 non
606 2703 687 2774 magis
699 2704 837 2768 attendere,
851 2706 877 2758 et
894 2721 927 2759 ex
943 2701 1090 2774 quotidiano

300 2825 351 2862 osu
362 2807 439 2861 etiam
451 2806 482 2862 ad
493 2805 703 2863 inadvertentiem
714 2807 839 2864 defluere!

336 2915 378 2967 14.
398 2913 426 2968 Si
439 2913 507 2969 enim
523 2913 572 2969 hoo
586 2914 773 2970 sanctissimum
789 2915 980 2970 Sacramentum
993 2914 1021 2968 in
1037 2931 1090 2968 uno

300 3021 401 3073 tanturm
411 3019 579 3076 celebraretur
586 3019 649 3088 loeo,
659 3023 685 3076 et
692 3021 724 3076 ab
731 3039 782 3077 uno
789 3023 891 3076 tantum
899 3023 1090 3077 consecraretur

299 3124 429 3180 sacerdote
450 3125 477 3180 in
494 3125 606 3192 muudo;
624 3129 718 3198 quanto
735 3130 811 3198 putas
828 3127 951 3184 desiderio
966 3126 998 3182 ed
1014 3125 1087 3182 illum
