2528 3850
436 389 580 439 CHRISTI
605 389 656 438 lv:
673 392 721 438 12·
922 393 969 439 243

179 526 247 591 vitis,
260 529 286 582 et
297 525 340 581 ille
350 525 415 581 nihil
423 523 491 580 aliud
498 523 591 580 habeat
600 527 633 580 ad
640 521 832 580 retribuendum
840 523 970 579 beneficiis

179 632 241 704 ejus,
254 630 304 686 nisi
321 649 349 686 so
366 629 527 696 humiliando,
547 634 574 685 et
591 629 616 685 ei
632 626 802 702 regratiando.
837 629 891 684 Fae
907 645 969 697 ergo

179 738 246 810 quod
257 738 285 793 in
295 741 323 793 te
335 741 382 803 est,
395 740 422 792 et
434 736 569 808 diiigenter
580 735 665 802 facito,
674 753 727 791 non
735 754 769 790 ex
778 733 968 796 eonsuetrdine

178 862 230 899 non
236 863 267 900 ex
276 843 435 908 necessitate,
446 843 491 898 sed
499 861 558 898 eum
565 842 664 908 timore,
673 841 821 908 reverentia,
831 844 858 896 et
867 840 968 906 affeetu,

179 951 263 1023 accipe
276 950 374 1022 Oorpus
386 948 473 1005 dileoti
482 949 593 1004 Dorum
604 949 661 1002 Drr
678 947 725 1012 tui,
745 947 872 1020 dignantis
891 945 924 1002 od
940 950 968 1002 te

179 1057 271 1110 venire.
299 1055 355 1126 Ego
368 1073 425 1110 sum
438 1054 488 1120 Qui
499 1053 594 1119 vocavi,
606 1053 664 1125 Ego
672 1053 739 1125 jussi
750 1053 821 1120 fieri3
840 1053 898 1126 Ego
911 1071 972 1124 sup·v

178 1161 252 1232 plebo
264 1159 331 1231 quod
345 1159 392 1216 tibi
403 1159 491 1214 deest:
509 1159 575 1225 reni,
588 1162 615 1213 et
627 1157 729 1229 suscipe
739 1158 793 1213 Me.

215 1269 239 1320 3.
260 1271 276 1294 ‘¹
284 1263 350 1320 (iuni
361 1265 470 1337 gratiam
479 1264 619 1319 devotionis
631 1263 724 1343 tribue,
736 1263 831 1335 gratias
849 1281 896 1336 age
909 1264 970 1319 Dro

179 1377 233 1438 tuo,
246 1389 298 1426 non
311 1371 369 1442 quia
381 1369 472 1442 dignus
484 1387 520 1435 es,
533 1369 579 1424 sed
590 1369 650 1440 quia
660 1368 700 1423 tui
711 1369 830 1424 misertus
842 1388 906 1425 sum.
943 1371 971 1425 Si

179 1496 232 1533 non
253 1476 331 1531 habes
355 1473 520 1540 devotionem,
541 1472 587 1528 sed
609 1473 737 1545 megisto
761 1471 859 1527 aridum
883 1475 970 1542 sentis,

180 1583 269 1637 insiste
281 1580 396 1646 orationi,
409 1579 545 1652 ingemisce
557 1582 583 1634 et
594 1577 684 1650 pulsa
701 1596 749 1633 neo
761 1578 877 1645 desistas,
891 1577 971 1636 donee

181 1685 298 1741 merearis
318 1685 408 1739 rnioam
423 1688 468 1739 aut
486 1687 588 1757 guttam
608 1685 697 1756 gratiae
714 1683 831 1741 salutaris
849 1687 970 1759 aoeipere.

182 1793 225 1845 Tu
243 1789 299 1845 Mei
316 1789 422 1862 indiges,
443 1808 495 1844 non
514 1791 572 1862 Ego
592 1790 632 1844 tui
654 1789 763 1861 indigeo.
779 1825 782 1830 ·
799 1790 856 1845 Nee
875 1795 907 1846 tu
926 1792 972 1848 Me

182 1899 337 1956 sanctificare
356 1900 435 1965 renis,
455 1899 500 1955 sed
514 1900 571 1972 Ego
584 1903 612 1955 to
628 1900 784 1955 sanctificare
798 1904 825 1955 et
841 1901 972 1956 meliorare

181 2006 262 2062 venio.
298 2004 338 2059 'Iir
355 2005 425 2059 venis
442 2008 473 2060 ut
491 2024 523 2060 ex
540 2006 586 2061 Me
603 2005 774 2074 sanctificeris,
790 2010 817 2062 et
834 2006 896 2062 mihi
916 2007 971 2062 uni·

182 2111 247 2178 aris;
267 2113 298 2165 ut
313 2127 404 2165 noram
422 2110 530 2182 gratiam
547 2111 661 2182 recipias,
674 2114 701 2167 et
719 2108 750 2167 de
767 2130 833 2167 novo
845 2113 878 2168 ad
888 2131 973 2169 emen·

182 2216 307 2272 dationem
320 2214 470 2270 aooendaris.
507 2215 569 2270 Noli
579 2215 707 2288 negligere
722 2216 787 2273 hane
798 2218 913 2290 gratiam,
926 2218 971 2288 sed

182 2339 295 2393 praepara
306 2339 364 2377 eum
375 2320 444 2376 omni
460 2319 591 2393 diligentia
608 2339 652 2378 oor
668 2326 750 2389 tunm,
763 2326 789 2379 et
804 2324 922 2382 introduo
940 2327 972 2382 ad

182 2431 209 2482 te
220 2426 350 2482 Dilectum
360 2429 443 2482 tuum.

217 2536 241 2587 t.
261 2533 396 2603 “Oportet
407 2535 492 2588 autem
504 2535 535 2588 ut
546 2550 598 2588 non
609 2533 691 2589 solum
707 2536 734 2589 te
746 2551 871 2606 praepares
883 2535 917 2592 ad
928 2536 971 2592 de·

184 2639 309 2694 votionem
321 2642 380 2692 ante
392 2638 608 2705 Oommnnionem,
621 2638 667 2694 sed
683 2641 714 2694 ut
731 2640 808 2695 etiam
825 2642 852 2696 te
864 2624 971 2698 sollicite

182 2762 315 2801 oonserves
334 2744 363 2800 in
385 2762 416 2800 ea
438 2748 497 2816 post
521 2745 676 2801 Sacramenti
695 2747 901 2820 pereeptionem3
924 2766 972 2804 neo

182 2851 264 2906 minor
275 2847 390 2904 custodia
406 2852 465 2922 post
482 2849 601 2923 exigitur,
618 2870 694 2923 quam
711 2852 803 2908 dev'ota
819 2855 971 2924 preparatio

182 2953 267 3025 prius:
292 2971 351 3008 nam
367 2952 434 3010 bona
453 2955 614 3026 postmodum
634 2957 750 3012 eustodia
766 2957 862 3029 optima
878 2958 970 3014 iterum
1021 2924 1023 2949 ³

183 3065 223 3113 est
233 3059 383 3130 preparatio
394 3061 427 3116 ad
437 3061 558 3134 majorem
569 3062 676 3135 gratiam
687 3063 895 3136 oonsequendam.
929 3065 971 3122 nx

148 3236 275 3246 —-.—--.-
295 3241 448 3248 ——-——-—
455 3241 553 3248 ——oq-
564 3241 595 3246 ...-
602 3239 701 3246 ---·---
707 3239 1017 3248 wan—m
