<?xml version="1.0" encoding="UTF-8"?>
<!DOCTYPE html PUBLIC "-//W3C//DTD XHTML 1.0 Transitional//EN"
    "http://www.w3.org/TR/xhtml1/DTD/xhtml1-transitional.dtd">
<html xmlns="http://www.w3.org/1999/xhtml" xml:lang="en" lang="en">
 <head>
  <title>
</title>
<meta http-equiv="Content-Type" content="text/html;charset=utf-8" />
  <meta name='ocr-system' content='tesseract 3.04.00' />
  <meta name='ocr-capabilities' content='ocr_page ocr_carea ocr_par ocr_line ocrx_word'/>
</head>
<body>
  <div class='ocr_page' id='page_1' title='image "./deimitationechr01thomgoog_0093.png"; bbox 0 0 2524 3844; ppageno 0'>
   <div class='ocr_carea' id='block_1_1' title="bbox 287 436 822 487">
    <p class='ocr_par' dir='ltr' id='par_1_1' title="bbox 287 436 822 487">
     <span class='ocr_line' id='line_1_1' title="bbox 287 436 822 487; baseline 0 0"><span class='ocrx_word' id='word_1_1' title='bbox 287 436 317 487; x_wconf 79' lang='lat'><strong>78</strong></span> <span class='ocrx_word' id='word_1_2' title='bbox 537 436 585 484; x_wconf 85' lang='lat' dir='ltr'><strong>DE</strong></span> <span class='ocrx_word' id='word_1_3' title='bbox 604 436 822 487; x_wconf 82' lang='lat' dir='ltr'>IMITATIONE</span> 
     </span>
    </p>
   </div>
   <div class='ocr_carea' id='block_1_2' title="bbox 284 569 1078 646">
    <p class='ocr_par' dir='ltr' id='par_1_2' title="bbox 284 569 1078 646">
     <span class='ocr_line' id='line_1_2' title="bbox 284 569 1078 646; baseline 0.013 -22"><span class='ocrx_word' id='word_1_4' title='bbox 284 587 358 626; x_wconf 75' lang='lat' dir='ltr'><strong>omos</strong></span> <span class='ocrx_word' id='word_1_5' title='bbox 369 569 447 626; x_wconf 85' lang='lat' dir='ltr'><strong>robur</strong></span> <span class='ocrx_word' id='word_1_6' title='bbox 457 571 559 637; x_wconf 82' lang='lat' dir='ltr'><strong>mentis,</strong></span> <span class='ocrx_word' id='word_1_7' title='bbox 571 571 599 626; x_wconf 90' lang='lat' dir='ltr'><strong>in</strong></span> <span class='ocrx_word' id='word_1_8' title='bbox 609 589 684 627; x_wconf 82' lang='lat' dir='ltr'><strong>omos</strong></span> <span class='ocrx_word' id='word_1_9' title='bbox 696 573 817 644; x_wconf 76' lang='lat' dir='ltr'><strong>gaudium</strong></span> <span class='ocrx_word' id='word_1_10' title='bbox 828 574 950 646; x_wconf 59' lang='lat' dir='ltr'><strong>spiritum</strong></span> <span class='ocrx_word' id='word_1_11' title='bbox 967 577 996 632; x_wconf 88' lang='lat' dir='ltr'><strong>in</strong></span> <span class='ocrx_word' id='word_1_12' title='bbox 1003 595 1078 634; x_wconf 80' lang='lat' dir='ltr'><strong>eruce</strong></span> 
     </span>
    </p>
   </div>
   <div class='ocr_carea' id='block_1_3' title="bbox 284 675 1096 749">
    <p class='ocr_par' dir='ltr' id='par_1_3' title="bbox 284 675 1096 749">
     <span class='ocr_line' id='line_1_3' title="bbox 284 675 1096 749; baseline 0.011 -18"><span class='ocrx_word' id='word_1_13' title='bbox 284 695 382 732; x_wconf 81' lang='lat' dir='ltr'><strong>summa</strong></span> <span class='ocrx_word' id='word_1_14' title='bbox 392 677 504 744; x_wconf 79' lang='lat' dir='ltr'><strong>virtutis,</strong></span> <span class='ocrx_word' id='word_1_15' title='bbox 516 675 544 732; x_wconf 90' lang='lat' dir='ltr'><strong>in</strong></span> <span class='ocrx_word' id='word_1_16' title='bbox 555 695 630 732; x_wconf 82' lang='lat' dir='ltr'><strong>omos</strong></span> <span class='ocrx_word' id='word_1_17' title='bbox 641 677 764 749; x_wconf 81' lang='lat' dir='ltr'><strong>perfectio</strong></span> <span class='ocrx_word' id='word_1_18' title='bbox 776 681 927 738; x_wconf 75' lang='lat' dir='ltr'><strong>sanctitatis.</strong></span> <span class='ocrx_word' id='word_1_19' title='bbox 963 684 1025 739; x_wconf 89' lang='lat' dir='ltr'><strong>Non</strong></span> <span class='ocrx_word' id='word_1_20' title='bbox 1036 690 1077 740; x_wconf 83' lang='lat' dir='ltr'><strong>est</strong></span> <span class='ocrx_word' id='word_1_21' title='bbox 1093 678 1096 682; x_wconf 66' lang='grc'><strong>’</strong></span> 
     </span>
    </p>
   </div>
   <div class='ocr_carea' id='block_1_4' title="bbox 264 789 1078 2574">
    <p class='ocr_par' dir='ltr' id='par_1_4' title="bbox 278 789 1078 1506">
     <span class='ocr_line' id='line_1_4' title="bbox 282 789 1078 860; baseline 0.005 -16"><span class='ocrx_word' id='word_1_22' title='bbox 282 789 350 845; x_wconf 75' lang='lat' dir='ltr'><strong>solus</strong></span> <span class='ocrx_word' id='word_1_23' title='bbox 362 789 458 854; x_wconf 72' lang='lat' dir='ltr'><strong>animm,</strong></span> <span class='ocrx_word' id='word_1_24' title='bbox 471 805 519 844; x_wconf 82' lang='lat' dir='ltr'><strong>nee</strong></span> <span class='ocrx_word' id='word_1_25' title='bbox 530 805 588 860; x_wconf 83' lang='lat' dir='ltr'><strong>spes</strong></span> <span class='ocrx_word' id='word_1_26' title='bbox 600 791 701 844; x_wconf 75' lang='lat' dir='ltr'><strong>mtemm</strong></span> <span class='ocrx_word' id='word_1_27' title='bbox 712 789 779 854; x_wconf 75' lang='lat' dir='ltr'><strong>vitm,</strong></span> <span class='ocrx_word' id='word_1_28' title='bbox 787 789 838 845; x_wconf 86' lang='lat' dir='ltr'><strong>nisi</strong></span> <span class='ocrx_word' id='word_1_29' title='bbox 852 791 880 845; x_wconf 91' lang='lat' dir='ltr'><strong>in</strong></span> <span class='ocrx_word' id='word_1_30' title='bbox 891 809 973 848; x_wconf 86' lang='lat' dir='ltr'><strong>omoe.</strong></span> <span class='ocrx_word' id='word_1_31' title='bbox 1009 795 1078 848; x_wconf 68' lang='lat' dir='ltr'><strong>nolo</strong></span> 
     </span>
     <span class='ocr_line' id='line_1_5' title="bbox 283 896 1077 970; baseline 0.005 -18"><span class='ocrx_word' id='word_1_32' title='bbox 283 914 344 970; x_wconf 86' lang='lat' dir='ltr'><strong>ergo</strong></span> <span class='ocrx_word' id='word_1_33' title='bbox 362 915 454 952; x_wconf 81' lang='lat' dir='ltr'><strong>crucem</strong></span> <span class='ocrx_word' id='word_1_34' title='bbox 471 902 545 962; x_wconf 61' lang='lat' dir='ltr'><strong>tuan»,</strong></span> <span class='ocrx_word' id='word_1_35' title='bbox 564 901 590 951; x_wconf 77' lang='lat' dir='ltr'><strong>et</strong></span> <span class='ocrx_word' id='word_1_36' title='bbox 606 896 835 967; x_wconf 63' lang='lat' dir='ltr'><strong>sequentianno,</strong></span> <span class='ocrx_word' id='word_1_37' title='bbox 849 901 876 952; x_wconf 84' lang='lat' dir='ltr'><strong>et</strong></span> <span class='ocrx_word' id='word_1_38' title='bbox 891 897 940 954; x_wconf 82' lang='lat' dir='ltr'>ibis</span> <span class='ocrx_word' id='word_1_39' title='bbox 957 899 985 954; x_wconf 89' lang='lat' dir='ltr'><strong>in</strong></span> <span class='ocrx_word' id='word_1_40' title='bbox 995 900 1077 956; x_wconf 80' lang='lat' dir='ltr'><strong>vitem</strong></span> 
     </span>
     <span class='ocr_line' id='line_1_6' title="bbox 281 1001 1074 1074; baseline 0.008 -16"><span class='ocrx_word' id='word_1_41' title='bbox 281 1009 408 1058; x_wconf 70' lang='lat' dir='ltr'><strong>eternam.</strong></span> <span class='ocrx_word' id='word_1_42' title='bbox 427 1003 561 1058; x_wconf 67' lang='lat' dir='ltr'><strong>Processit</strong></span> <span class='ocrx_word' id='word_1_43' title='bbox 568 1002 616 1058; x_wconf 82' lang='lat' dir='ltr'><strong>Illo</strong></span> <span class='ocrx_word' id='word_1_44' title='bbox 622 1001 737 1074; x_wconf 73' lang='lat' dir='ltr'><strong>bajulans</strong></span> <span class='ocrx_word' id='word_1_45' title='bbox 746 1002 800 1059; x_wconf 80' lang='lat' dir='ltr'><strong>Sibi</strong></span> <span class='ocrx_word' id='word_1_46' title='bbox 807 1022 915 1071; x_wconf 76' lang='lat' dir='ltr'><strong>erucem,</strong></span> <span class='ocrx_word' id='word_1_47' title='bbox 922 1010 949 1062; x_wconf 84' lang='lat' dir='ltr'><strong>et</strong></span> <span class='ocrx_word' id='word_1_48' title='bbox 957 1015 1074 1064; x_wconf 84' lang='lat' dir='ltr'><strong>mortuns</strong></span> 
     </span>
     <span class='ocr_line' id='line_1_7' title="bbox 280 1111 1075 1184; baseline 0.005 -18"><span class='ocrx_word' id='word_1_49' title='bbox 280 1115 321 1167; x_wconf 80' lang='lat' dir='ltr'><strong>est</strong></span> <span class='ocrx_word' id='word_1_50' title='bbox 331 1130 378 1184; x_wconf 88' lang='lat' dir='ltr'><strong>pro</strong></span> <span class='ocrx_word' id='word_1_51' title='bbox 389 1115 416 1166; x_wconf 83' lang='lat' dir='ltr'><strong>te</strong></span> <span class='ocrx_word' id='word_1_52' title='bbox 428 1111 456 1166; x_wconf 89' lang='lat' dir='ltr'><strong>in</strong></span> <span class='ocrx_word' id='word_1_53' title='bbox 467 1129 548 1178; x_wconf 80' lang='lat' dir='ltr'><strong>eruce,</strong></span> <span class='ocrx_word' id='word_1_54' title='bbox 558 1114 589 1166; x_wconf 89' lang='lat' dir='ltr'><strong>ut</strong></span> <span class='ocrx_word' id='word_1_55' title='bbox 600 1115 627 1166; x_wconf 92' lang='lat' dir='ltr'><strong>et</strong></span> <span class='ocrx_word' id='word_1_56' title='bbox 639 1114 670 1166; x_wconf 89' lang='lat' dir='ltr'><strong>tu</strong></span> <span class='ocrx_word' id='word_1_57' title='bbox 680 1114 752 1166; x_wconf 80' lang='lat' dir='ltr'><strong>tuam</strong></span> <span class='ocrx_word' id='word_1_58' title='bbox 760 1115 847 1183; x_wconf 85' lang='lat' dir='ltr'><strong>portes</strong></span> <span class='ocrx_word' id='word_1_59' title='bbox 855 1131 962 1180; x_wconf 82' lang='lat' dir='ltr'><strong>onmem,</strong></span> <span class='ocrx_word' id='word_1_60' title='bbox 972 1117 1000 1170; x_wconf 85' lang='lat' dir='ltr'><strong>et</strong></span> <span class='ocrx_word' id='word_1_61' title='bbox 1008 1117 1075 1170; x_wconf 88' lang='lat' dir='ltr'><strong>mori</strong></span> 
     </span>
     <span class='ocr_line' id='line_1_8' title="bbox 279 1219 1073 1293; baseline 0.008 -20"><span class='ocrx_word' id='word_1_62' title='bbox 279 1220 381 1276; x_wconf 79' lang='lat' dir='ltr'><strong>sffeotes</strong></span> <span class='ocrx_word' id='word_1_63' title='bbox 404 1219 432 1274; x_wconf 90' lang='lat' dir='ltr'><strong>in</strong></span> <span class='ocrx_word' id='word_1_64' title='bbox 455 1237 537 1274; x_wconf 82' lang='lat' dir='ltr'><strong>omos.</strong></span> <span class='ocrx_word' id='word_1_65' title='bbox 574 1219 643 1279; x_wconf 75' lang='lat' dir='ltr'><strong>Quia</strong></span> <span class='ocrx_word' id='word_1_66' title='bbox 664 1223 688 1274; x_wconf 79' lang='lat' dir='ltr'><strong>si</strong></span> <span class='ocrx_word' id='word_1_67' title='bbox 710 1226 867 1276; x_wconf 78' lang='lat' dir='ltr'><strong>commortuus</strong></span> <span class='ocrx_word' id='word_1_68' title='bbox 881 1225 974 1293; x_wconf 63' lang='lat' dir='ltr'><strong>suem,</strong></span> <span class='ocrx_word' id='word_1_69' title='bbox 997 1228 1073 1279; x_wconf 73' lang='lat' dir='ltr'><strong>etiam</strong></span> 
     </span>
     <span class='ocr_line' id='line_1_9' title="bbox 278 1325 1072 1400; baseline 0.009 -20"><span class='ocrx_word' id='word_1_70' title='bbox 278 1345 331 1381; x_wconf 76' lang='lat' dir='ltr'><strong>cum</strong></span> <span class='ocrx_word' id='word_1_71' title='bbox 343 1327 391 1381; x_wconf 80' lang='lat' dir='ltr'><strong>Illo</strong></span> <span class='ocrx_word' id='word_1_72' title='bbox 397 1329 497 1397; x_wconf 76' lang='lat' dir='ltr'><strong>pariter</strong></span> <span class='ocrx_word' id='word_1_73' title='bbox 507 1329 572 1381; x_wconf 81' lang='lat' dir='ltr'><strong>vives</strong></span> <span class='ocrx_word' id='word_1_74' title='bbox 578 1349 590 1390; x_wconf 91' lang='lat'><em>;</em></span> <span class='ocrx_word' id='word_1_75' title='bbox 609 1329 636 1381; x_wconf 89' lang='lat' dir='ltr'><strong>et</strong></span> <span class='ocrx_word' id='word_1_76' title='bbox 650 1325 672 1380; x_wconf 89' lang='lat' dir='ltr'><strong>si</strong></span> <span class='ocrx_word' id='word_1_77' title='bbox 687 1327 771 1382; x_wconf 83' lang='lat' dir='ltr'><strong>socius</strong></span> <span class='ocrx_word' id='word_1_78' title='bbox 782 1327 861 1383; x_wconf 85' lang='lat' dir='ltr'><strong>fueris</strong></span> <span class='ocrx_word' id='word_1_79' title='bbox 876 1347 964 1400; x_wconf 69' lang='lat' dir='ltr'><strong>poeno,</strong></span> <span class='ocrx_word' id='word_1_80' title='bbox 977 1331 1028 1386; x_wconf 86' lang='lat' dir='ltr'><strong>eris</strong></span> <span class='ocrx_word' id='word_1_81' title='bbox 1044 1336 1072 1388; x_wconf 84' lang='lat' dir='ltr'><strong>et</strong></span> 
     </span>
     <span class='ocr_line' id='line_1_10' title="bbox 278 1435 392 1506; baseline -0.009 -16"><span class='ocrx_word' id='word_1_82' title='bbox 278 1435 392 1506; x_wconf 55' lang='lat' dir='ltr'><strong>glorios.</strong></span> 
     </span>
    </p>

    <p class='ocr_par' dir='ltr' id='par_1_5' title="bbox 264 1542 1069 2574">
     <span class='ocr_line' id='line_1_11' title="bbox 311 1542 1069 1609; baseline 0.007 -12"><span class='ocrx_word' id='word_1_83' title='bbox 311 1545 335 1597; x_wconf 84' lang='lat'><strong>3.</strong></span> <span class='ocrx_word' id='word_1_84' title='bbox 359 1542 426 1598; x_wconf 76' lang='lat' dir='ltr'><strong>Eoos</strong></span> <span class='ocrx_word' id='word_1_85' title='bbox 434 1542 462 1597; x_wconf 90' lang='lat' dir='ltr'><strong>in</strong></span> <span class='ocrx_word' id='word_1_86' title='bbox 470 1559 544 1597; x_wconf 78' lang='lat' dir='ltr'><strong>cruce</strong></span> <span class='ocrx_word' id='word_1_87' title='bbox 553 1545 637 1598; x_wconf 86' lang='lat' dir='ltr'><strong>totum</strong></span> <span class='ocrx_word' id='word_1_88' title='bbox 646 1545 754 1609; x_wconf 81' lang='lat' dir='ltr'><strong>constat,</strong></span> <span class='ocrx_word' id='word_1_89' title='bbox 762 1547 790 1600; x_wconf 89' lang='lat' dir='ltr'><strong>et</strong></span> <span class='ocrx_word' id='word_1_90' title='bbox 801 1545 829 1599; x_wconf 93' lang='lat' dir='ltr'><strong>in</strong></span> <span class='ocrx_word' id='word_1_91' title='bbox 840 1545 971 1600; x_wconf 82' lang='lat' dir='ltr'><strong>moriendo</strong></span> <span class='ocrx_word' id='word_1_92' title='bbox 982 1549 1069 1602; x_wconf 86' lang='lat' dir='ltr'><strong>totmn</strong></span> 
     </span>
     <span class='ocr_line' id='line_1_12' title="bbox 271 1648 1068 1720; baseline 0.005 -16"><span class='ocrx_word' id='word_1_93' title='bbox 271 1650 354 1720; x_wconf 79' lang='lat' dir='ltr'><strong>jaeet3</strong></span> <span class='ocrx_word' id='word_1_94' title='bbox 373 1652 400 1704; x_wconf 91' lang='lat' dir='ltr'><strong>et</strong></span> <span class='ocrx_word' id='word_1_95' title='bbox 411 1666 463 1704; x_wconf 90' lang='lat' dir='ltr'><strong>non</strong></span> <span class='ocrx_word' id='word_1_96' title='bbox 471 1651 510 1704; x_wconf 87' lang='lat' dir='ltr'><strong>est</strong></span> <span class='ocrx_word' id='word_1_97' title='bbox 520 1649 568 1704; x_wconf 80' lang='lat' dir='ltr'><strong>siis</strong></span> <span class='ocrx_word' id='word_1_98' title='bbox 582 1649 624 1704; x_wconf 84' lang='lat' dir='ltr'><strong>via</strong></span> <span class='ocrx_word' id='word_1_99' title='bbox 635 1648 754 1704; x_wconf 74' lang='lat' dir='ltr'><strong>advitam</strong></span> <span class='ocrx_word' id='word_1_100' title='bbox 762 1652 789 1705; x_wconf 91' lang='lat' dir='ltr'><strong>et</strong></span> <span class='ocrx_word' id='word_1_101' title='bbox 801 1649 834 1705; x_wconf 85' lang='lat' dir='ltr'><strong>sd</strong></span> <span class='ocrx_word' id='word_1_102' title='bbox 844 1669 930 1706; x_wconf 79' lang='lat' dir='ltr'><strong>veram</strong></span> <span class='ocrx_word' id='word_1_103' title='bbox 941 1651 1068 1708; x_wconf 77' lang='lat' dir='ltr'><strong>internam</strong></span> 
     </span>
     <span class='ocr_line' id='line_1_13' title="bbox 273 1755 1067 1828; baseline 0.001 -15"><span class='ocrx_word' id='word_1_104' title='bbox 273 1775 361 1828; x_wconf 84' lang='lat' dir='ltr'><strong>paoem</strong></span> <span class='ocrx_word' id='word_1_105' title='bbox 380 1756 431 1812; x_wconf 88' lang='lat' dir='ltr'><strong>nisi</strong></span> <span class='ocrx_word' id='word_1_106' title='bbox 453 1755 495 1811; x_wconf 81' lang='lat' dir='ltr'><strong>via</strong></span> <span class='ocrx_word' id='word_1_107' title='bbox 522 1759 617 1811; x_wconf 79' lang='lat' dir='ltr'><strong>sanotae</strong></span> <span class='ocrx_word' id='word_1_108' title='bbox 633 1755 716 1810; x_wconf 76' lang='lat' dir='ltr'><strong>omnis</strong></span> <span class='ocrx_word' id='word_1_109' title='bbox 734 1759 761 1812; x_wconf 84' lang='lat' dir='ltr'><strong>et</strong></span> <span class='ocrx_word' id='word_1_110' title='bbox 787 1757 940 1827; x_wconf 75' lang='lat' dir='ltr'><strong>quotidianoe</strong></span> <span class='ocrx_word' id='word_1_111' title='bbox 962 1759 1067 1815; x_wconf 80' lang='lat' dir='ltr'><strong>mortifi-</strong></span> 
     </span>
     <span class='ocr_line' id='line_1_14' title="bbox 272 1860 1065 1934; baseline 0.003 -16"><span class='ocrx_word' id='word_1_112' title='bbox 272 1863 385 1919; x_wconf 75' lang='lat' dir='ltr'><strong>cationis.</strong></span> <span class='ocrx_word' id='word_1_113' title='bbox 421 1861 532 1917; x_wconf 82' lang='lat' dir='ltr'><strong>Ambuls</strong></span> <span class='ocrx_word' id='word_1_114' title='bbox 541 1860 643 1927; x_wconf 89' lang='lat' dir='ltr'><strong>ubivis,</strong></span> <span class='ocrx_word' id='word_1_115' title='bbox 656 1880 740 1932; x_wconf 77' lang='lat' dir='ltr'><strong>qusere</strong></span> <span class='ocrx_word' id='word_1_116' title='bbox 756 1862 924 1934; x_wconf 82' lang='lat' dir='ltr'><strong>quodeunque</strong></span> <span class='ocrx_word' id='word_1_117' title='bbox 939 1865 1049 1920; x_wconf 82' lang='lat' dir='ltr'><strong>volueris</strong></span> <span class='ocrx_word' id='word_1_118' title='bbox 1057 1889 1065 1933; x_wconf 88' lang='lat'>;</span> 
     </span>
     <span class='ocr_line' id='line_1_15' title="bbox 270 1969 1065 2041; baseline 0.003 -14"><span class='ocrx_word' id='word_1_119' title='bbox 270 1975 297 2027; x_wconf 88' lang='lat' dir='ltr'><strong>et</strong></span> <span class='ocrx_word' id='word_1_120' title='bbox 320 1990 373 2026; x_wconf 91' lang='lat' dir='ltr'><strong>non</strong></span> <span class='ocrx_word' id='word_1_121' title='bbox 394 1971 506 2026; x_wconf 87' lang='lat' dir='ltr'><strong>invenies</strong></span> <span class='ocrx_word' id='word_1_122' title='bbox 527 1969 641 2024; x_wconf 74' lang='lat' dir='ltr'><strong>vitiorem</strong></span> <span class='ocrx_word' id='word_1_123' title='bbox 663 1969 730 2024; x_wconf 80' lang='lat' dir='ltr'><strong>viam</strong></span> <span class='ocrx_word' id='word_1_124' title='bbox 753 1987 831 2041; x_wconf 80' lang='lat' dir='ltr'><strong>supra</strong></span> <span class='ocrx_word' id='word_1_125' title='bbox 846 1987 894 2026; x_wconf 86' lang='lat' dir='ltr'><strong>neo</strong></span> <span class='ocrx_word' id='word_1_126' title='bbox 911 1971 1065 2030; x_wconf 76' lang='lat' dir='ltr'><strong>seeunorem</strong></span> 
     </span>
     <span class='ocr_line' id='line_1_16' title="bbox 271 2074 1064 2146; baseline -0.003 -14"><span class='ocrx_word' id='word_1_127' title='bbox 271 2077 336 2133; x_wconf 84' lang='lat' dir='ltr'><strong>vism</strong></span> <span class='ocrx_word' id='word_1_128' title='bbox 356 2077 429 2142; x_wconf 79' lang='lat' dir='ltr'><strong>inira,</strong></span> <span class='ocrx_word' id='word_1_129' title='bbox 448 2076 498 2131; x_wconf 91' lang='lat' dir='ltr'><strong>nisi</strong></span> <span class='ocrx_word' id='word_1_130' title='bbox 515 2076 582 2131; x_wconf 80' lang='lat' dir='ltr'><strong>viam</strong></span> <span class='ocrx_word' id='word_1_131' title='bbox 600 2077 694 2130; x_wconf 78' lang='lat' dir='ltr'><strong>sanotae</strong></span> <span class='ocrx_word' id='word_1_132' title='bbox 712 2074 802 2130; x_wconf 83' lang='lat' dir='ltr'><strong>omois.</strong></span> <span class='ocrx_word' id='word_1_133' title='bbox 847 2075 962 2146; x_wconf 89' lang='lat' dir='ltr'><strong>Dispone</strong></span> <span class='ocrx_word' id='word_1_134' title='bbox 980 2079 1007 2130; x_wconf 88' lang='lat' dir='ltr'><strong>et</strong></span> <span class='ocrx_word' id='word_1_135' title='bbox 1024 2094 1064 2130; x_wconf 90' lang='lat' dir='ltr'><strong>or-</strong></span> 
     </span>
     <span class='ocr_line' id='line_1_17' title="bbox 269 2181 1063 2250; baseline -0.001 -11"><span class='ocrx_word' id='word_1_136' title='bbox 269 2184 328 2239; x_wconf 86' lang='lat' dir='ltr'><strong>dina</strong></span> <span class='ocrx_word' id='word_1_137' title='bbox 350 2183 435 2238; x_wconf 81' lang='lat' dir='ltr'><strong>omnia</strong></span> <span class='ocrx_word' id='word_1_138' title='bbox 457 2182 596 2238; x_wconf 82' lang='lat' dir='ltr'><strong>seeundum</strong></span> <span class='ocrx_word' id='word_1_139' title='bbox 619 2185 694 2236; x_wconf 85' lang='lat' dir='ltr'><strong>tuum</strong></span> <span class='ocrx_word' id='word_1_140' title='bbox 712 2181 776 2236; x_wconf 87' lang='lat' dir='ltr'><strong>velle</strong></span> <span class='ocrx_word' id='word_1_141' title='bbox 793 2184 820 2236; x_wconf 81' lang='lat' dir='ltr'><strong>et</strong></span> <span class='ocrx_word' id='word_1_142' title='bbox 838 2181 939 2250; x_wconf 85' lang='lat' dir='ltr'><strong>videre3</strong></span> <span class='ocrx_word' id='word_1_143' title='bbox 967 2186 994 2239; x_wconf 90' lang='lat' dir='ltr'><strong>et</strong></span> <span class='ocrx_word' id='word_1_144' title='bbox 1011 2202 1063 2238; x_wconf 89' lang='lat' dir='ltr'><strong>non</strong></span> 
     </span>
     <span class='ocr_line' id='line_1_18' title="bbox 266 2287 1061 2361; baseline -0.003 -15"><span class='ocrx_word' id='word_1_145' title='bbox 266 2289 386 2355; x_wconf 86' lang='lat' dir='ltr'><strong>invenies,</strong></span> <span class='ocrx_word' id='word_1_146' title='bbox 410 2289 460 2344; x_wconf 88' lang='lat' dir='ltr'><strong>nisi</strong></span> <span class='ocrx_word' id='word_1_147' title='bbox 484 2307 583 2360; x_wconf 85' lang='lat' dir='ltr'>semper</span> <span class='ocrx_word' id='word_1_148' title='bbox 605 2288 700 2360; x_wconf 82' lang='lat' dir='ltr'><strong>aliquid</strong></span> <span class='ocrx_word' id='word_1_149' title='bbox 721 2289 776 2360; x_wconf 82' lang='lat' dir='ltr'><strong>pati</strong></span> <span class='ocrx_word' id='word_1_150' title='bbox 799 2287 890 2344; x_wconf 84' lang='lat' dir='ltr'><strong>debere</strong></span> <span class='ocrx_word' id='word_1_151' title='bbox 907 2293 953 2344; x_wconf 82' lang='lat' dir='ltr'><strong>aut</strong></span> <span class='ocrx_word' id='word_1_152' title='bbox 970 2294 1061 2361; x_wconf 78' lang='lat' dir='ltr'><strong>sponte</strong></span> 
     </span>
     <span class='ocr_line' id='line_1_19' title="bbox 266 2393 1060 2465; baseline 0.003 -15"><span class='ocrx_word' id='word_1_153' title='bbox 266 2398 311 2450; x_wconf 85' lang='lat' dir='ltr'><strong>aut</strong></span> <span class='ocrx_word' id='word_1_154' title='bbox 322 2395 409 2460; x_wconf 84' lang='lat' dir='ltr'><strong>invite,</strong></span> <span class='ocrx_word' id='word_1_155' title='bbox 422 2397 449 2449; x_wconf 89' lang='lat' dir='ltr'><strong>et</strong></span> <span class='ocrx_word' id='word_1_156' title='bbox 460 2393 498 2449; x_wconf 82' lang='lat' dir='ltr'><strong>ita</strong></span> <span class='ocrx_word' id='word_1_157' title='bbox 509 2413 609 2450; x_wconf 82' lang='lat' dir='ltr'><strong>omoem</strong></span> <span class='ocrx_word' id='word_1_158' title='bbox 621 2412 720 2465; x_wconf 84' lang='lat' dir='ltr'><strong>sempor</strong></span> <span class='ocrx_word' id='word_1_159' title='bbox 730 2394 851 2450; x_wconf 85' lang='lat' dir='ltr'><strong>invenies.</strong></span> <span class='ocrx_word' id='word_1_160' title='bbox 886 2397 942 2450; x_wconf 88' lang='lat' dir='ltr'><strong>Aut</strong></span> <span class='ocrx_word' id='word_1_161' title='bbox 955 2395 1022 2452; x_wconf 88' lang='lat' dir='ltr'><strong>enim</strong></span> <span class='ocrx_word' id='word_1_162' title='bbox 1033 2397 1060 2452; x_wconf 93' lang='lat' dir='ltr'><strong>in</strong></span> 
     </span>
     <span class='ocr_line' id='line_1_20' title="bbox 264 2499 1059 2574; baseline -0.004 -15"><span class='ocrx_word' id='word_1_163' title='bbox 264 2520 368 2574; x_wconf 77' lang='lat' dir='ltr'><strong>empore</strong></span> <span class='ocrx_word' id='word_1_164' title='bbox 384 2502 496 2557; x_wconf 85' lang='lat' dir='ltr'><strong>dolorem</strong></span> <span class='ocrx_word' id='word_1_165' title='bbox 511 2501 613 2567; x_wconf 90' lang='lat' dir='ltr'><strong>senties,</strong></span> <span class='ocrx_word' id='word_1_166' title='bbox 630 2499 718 2556; x_wconf 84' lang='lat' dir='ltr'><strong>autin</strong></span> <span class='ocrx_word' id='word_1_167' title='bbox 734 2500 817 2556; x_wconf 77' lang='lat' dir='ltr'><strong>animo</strong></span> <span class='ocrx_word' id='word_1_168' title='bbox 833 2500 938 2572; x_wconf 86' lang='lat' dir='ltr'><strong>spiritus</strong></span> <span class='ocrx_word' id='word_1_169' title='bbox 955 2501 1059 2558; x_wconf 80' lang='lat' dir='ltr'><strong>tribula-</strong></span> 
     </span>
    </p>
   </div>
   <div class='ocr_carea' id='block_1_5' title="bbox 261 2611 1057 2793">
    <p class='ocr_par' dir='ltr' id='par_1_6' title="bbox 261 2611 1057 2793">
     <span class='ocr_line' id='line_1_21' title="bbox 261 2611 514 2670; baseline -0.016 0"><span class='ocrx_word' id='word_1_170' title='bbox 261 2614 358 2670; x_wconf 80' lang='lat' dir='ltr'><strong>tionem</strong></span> <span class='ocrx_word' id='word_1_171' title='bbox 369 2611 514 2668; x_wconf 80' lang='lat' dir='ltr'><strong>sustinebis.</strong></span> 
     </span>
     <span class='ocr_line' id='line_1_22' title="bbox 296 2719 1057 2793; baseline 0.003 -17"><span class='ocrx_word' id='word_1_172' title='bbox 296 2725 320 2776; x_wconf 81' lang='lat'><strong>4.</strong></span> <span class='ocrx_word' id='word_1_173' title='bbox 339 2719 474 2776; x_wconf 84' lang='lat' dir='ltr'><strong>Interdum</strong></span> <span class='ocrx_word' id='word_1_174' title='bbox 490 2719 581 2774; x_wconf 78' lang='lat' dir='ltr'><strong>sDno</strong></span> <span class='ocrx_word' id='word_1_175' title='bbox 598 2719 756 2790; x_wconf 84' lang='lat' dir='ltr'><strong>relinqueris,</strong></span> <span class='ocrx_word' id='word_1_176' title='bbox 769 2719 898 2774; x_wconf 87' lang='lat' dir='ltr'><strong>interdum</strong></span> <span class='ocrx_word' id='word_1_177' title='bbox 912 2739 928 2774; x_wconf 83' lang='lat' dir='ltr'><strong>s</strong></span> <span class='ocrx_word' id='word_1_178' title='bbox 941 2722 1057 2793; x_wconf 88' lang='lat' dir='ltr'><strong>proximo</strong></span> 
     </span>
    </p>
   </div>
   <div class='ocr_carea' id='block_1_6' title="bbox 152 2826 1057 2900">
    <p class='ocr_par' dir='ltr' id='par_1_7' title="bbox 152 2826 1057 2900">
     <span class='ocr_line' id='line_1_23' title="bbox 152 2826 1057 2900; baseline 0.001 -16"><span class='ocrx_word' id='word_1_179' title='bbox 152 2861 153 2866; x_wconf 22' lang='grc' dir='ltr'><strong>κ</strong></span> <span class='ocrx_word' id='word_1_180' title='bbox 260 2827 447 2894; x_wconf 80' lang='lat' dir='ltr'><strong>exercitaberis,</strong></span> <span class='ocrx_word' id='word_1_181' title='bbox 461 2830 488 2882; x_wconf 86' lang='lat' dir='ltr'><strong>et</strong></span> <span class='ocrx_word' id='word_1_182' title='bbox 507 2827 587 2898; x_wconf 86' lang='lat' dir='ltr'><strong>(quod</strong></span> <span class='ocrx_word' id='word_1_183' title='bbox 600 2826 707 2898; x_wconf 79' lang='lat' dir='ltr'><strong>amplius</strong></span> <span class='ocrx_word' id='word_1_184' title='bbox 726 2826 786 2896; x_wconf 74' lang='lat' dir='ltr'><strong>est)</strong></span> <span class='ocrx_word' id='word_1_185' title='bbox 806 2845 872 2898; x_wconf 83' lang='lat' dir='ltr'><strong>soepe</strong></span> <span class='ocrx_word' id='word_1_186' title='bbox 890 2827 991 2884; x_wconf 88' lang='lat' dir='ltr'><strong>tibimet</strong></span> <span class='ocrx_word' id='word_1_187' title='bbox 1006 2829 1057 2900; x_wconf 91' lang='lat' dir='ltr'><strong>ipsi</strong></span> 
     </span>
    </p>
   </div>
   <div class='ocr_carea' id='block_1_7' title="bbox 197 2935 1056 3114">
    <p class='ocr_par' dir='ltr' id='par_1_8' title="bbox 197 2935 1056 3114">
     <span class='ocr_line' id='line_1_24' title="bbox 259 2935 1056 3008; baseline 0.004 -18"><span class='ocrx_word' id='word_1_188' title='bbox 259 2936 343 3008; x_wconf 80' lang='lat' dir='ltr'><strong>gravis</strong></span> <span class='ocrx_word' id='word_1_189' title='bbox 366 2936 431 3002; x_wconf 82' lang='lat' dir='ltr'><strong>eris;</strong></span> <span class='ocrx_word' id='word_1_190' title='bbox 455 2953 502 2990; x_wconf 86' lang='lat' dir='ltr'><strong>nee</strong></span> <span class='ocrx_word' id='word_1_191' title='bbox 524 2938 611 2990; x_wconf 82' lang='lat' dir='ltr'><strong>tamen</strong></span> <span class='ocrx_word' id='word_1_192' title='bbox 628 2935 712 3006; x_wconf 80' lang='lat' dir='ltr'><strong>aliquo</strong></span> <span class='ocrx_word' id='word_1_193' title='bbox 729 2935 840 2990; x_wconf 83' lang='lat' dir='ltr'><strong>remedio</strong></span> <span class='ocrx_word' id='word_1_194' title='bbox 856 2935 898 2991; x_wconf 86' lang='lat' dir='ltr'><strong>vel</strong></span> <span class='ocrx_word' id='word_1_195' title='bbox 915 2937 1006 2992; x_wconf 77' lang='lat' dir='ltr'><strong>solatio</strong></span> <span class='ocrx_word' id='word_1_196' title='bbox 1027 2937 1056 2992; x_wconf 83' lang='lat' dir='ltr'><strong>li-</strong></span> 
     </span>
     <span class='ocr_line' id='line_1_25' title="bbox 197 3041 1052 3114; baseline 0.001 -15"><span class='ocrx_word' id='word_1_197' title='bbox 197 3095 203 3110; x_wconf 83' lang='lat'><strong>,</strong></span> <span class='ocrx_word' id='word_1_198' title='bbox 237 3042 341 3104; x_wconf 75' lang='lat' dir='ltr'><strong>,berani</strong></span> <span class='ocrx_word' id='word_1_199' title='bbox 364 3061 410 3098; x_wconf 88' lang='lat' dir='ltr'><strong>seu</strong></span> <span class='ocrx_word' id='word_1_200' title='bbox 427 3041 538 3098; x_wconf 77' lang='lat' dir='ltr'><strong>eilevim‘i</strong></span> <span class='ocrx_word' id='word_1_201' title='bbox 554 3042 657 3114; x_wconf 85' lang='lat' dir='ltr'><strong>poteris,</strong></span> <span class='ocrx_word' id='word_1_202' title='bbox 677 3041 722 3098; x_wconf 90' lang='lat' dir='ltr'><strong>sed</strong></span> <span class='ocrx_word' id='word_1_203' title='bbox 740 3041 820 3098; x_wconf 83' lang='lat' dir='ltr'><strong>donee</strong></span> <span class='ocrx_word' id='word_1_204' title='bbox 839 3043 918 3099; x_wconf 82' lang='lat' dir='ltr'><strong>Dnos</strong></span> <span class='ocrx_word' id='word_1_205' title='bbox 935 3044 1052 3111; x_wconf 82' lang='lat' dir='ltr'><strong>voluerit,</strong></span> 
     </span>
    </p>
   </div>
   <div class='ocr_carea' id='block_1_8' title="bbox 378 3186 950 3235">
    <p class='ocr_par' dir='ltr' id='par_1_9' title="bbox 378 3186 950 3235">
     <span class='ocr_line' id='line_1_26' title="bbox 378 3186 950 3235; baseline 0.007 -11"><span class='ocrx_word' id='word_1_206' title='bbox 378 3187 397 3224; x_wconf 88' lang='lat' dir='ltr'><strong>S.</strong></span> <span class='ocrx_word' id='word_1_207' title='bbox 409 3186 458 3225; x_wconf 74' lang='lat' dir='ltr'><strong>Mat</strong></span> <span class='ocrx_word' id='word_1_208' title='bbox 469 3187 510 3226; x_wconf 79' lang='lat' dir='ltr'><strong>xvi.</strong></span> <span class='ocrx_word' id='word_1_209' title='bbox 522 3186 552 3225; x_wconf 79' lang='lat'><strong>24.</strong></span> <span class='ocrx_word' id='word_1_210' title='bbox 667 3186 677 3213; x_wconf 77' lang='lat'><strong>¹³</strong></span> <span class='ocrx_word' id='word_1_211' title='bbox 692 3187 821 3235; x_wconf 75' lang='lat' dir='ltr'><strong>Rom.v1.8;</strong></span> <span class='ocrx_word' id='word_1_212' title='bbox 835 3189 846 3228; x_wconf 73' lang='lat'><em>2</em></span> <span class='ocrx_word' id='word_1_213' title='bbox 856 3191 900 3230; x_wconf 82' lang='lat' dir='ltr'><strong>Cor.</strong></span> <span class='ocrx_word' id='word_1_214' title='bbox 909 3191 924 3229; x_wconf 80' lang='lat' dir='ltr'><strong>i.</strong></span> <span class='ocrx_word' id='word_1_215' title='bbox 933 3189 950 3231; x_wconf 73' lang='lat' dir='ltr'><strong>t.</strong></span> 
     </span>
    </p>
   </div>
   <div class='ocr_carea' id='block_1_9' title="bbox 1237 3601 1243 3820">
    <p class='ocr_par' dir='ltr' id='par_1_10' title="bbox 1237 3601 1243 3820">
     <span class='ocr_line' id='line_1_27' title="bbox 1237 3601 1243 3820; baseline 0 0"><span class='ocrx_word' id='word_1_216' title='bbox 1237 3601 1243 3820; x_wconf 79' lang='lat' dir='ltr'><strong>i</strong></span> 
     </span>
    </p>
   </div>
   <div class='ocr_carea' id='block_1_10' title="bbox 0 0 1266 3844">
    <p class='ocr_par' dir='ltr' id='par_1_11' title="bbox 0 0 1266 3844">
     <span class='ocr_line' id='line_1_28' title="bbox 0 0 1266 3844; baseline 0 5"><span class='ocrx_word' id='word_1_217' title='bbox 0 0 1266 3844; x_wconf 95' lang='lat' dir='ltr'><strong> </strong></span> 
     </span>
    </p>
   </div>
  </div>
 </body>
</html>
