2546 3842
286 441 315 487 88
528 441 578 489 DE
598 443 814 492 IMITATIONE

285 573 362 629 servit
374 577 400 628 et
412 573 505 641 obedit,
518 575 585 630 siout
602 575 697 632 mundo
712 581 739 632 et
753 577 861 634 dominis
877 579 931 651 ejus
948 580 1076 636 servitur?

506 742 613 790 moesos,
621 743 689 790 sidon,
698 744 728 782 att
735 741 808 790 maret,

506 814 533 855 Et
541 815 560 854 si
568 825 650 856 mosam
658 817 740 865 queris,
749 817 798 856 andi
806 828 873 866 qnsru

283 969 334 1026 Pro
351 969 450 1026 modioa
464 971 598 1042 prebenda
614 972 691 1044 longa
706 973 749 1028 ria
766 974 894 1041 turritum
918 993 965 1047 pro
982 982 1077 1032 aterna

282 1079 335 1133 vita
359 1096 374 1132 a
396 1078 483 1135 multis
506 1079 550 1136 rix
567 1097 613 1151 pos
636 1079 714 1136 semel
740 1097 756 1135 a
774 1084 844 1136 turra
861 1080 968 1136 levatur.
1016 1083 1074 1138 Vile

282 1185 393 1255 pretium
410 1185 546 1256 quoeritur3
564 1203 610 1258 pro
631 1205 683 1242 nno
700 1187 853 1243 numismate
872 1187 1002 1244 interdurn
1019 1193 1074 1245 tur-

282 1292 349 1360 piter
364 1290 497 1363 nugatum
517 1309 566 1364 pro
581 1311 691 1349 venare
709 1296 736 1349 et
752 1311 831 1365 parra
847 1294 1013 1365 promissione
1033 1296 1074 1353 die
1162 1316 1166 1323 ·

282 1387 409 1470 nootuquo
420 1397 523 1471 fatigari
533 1417 585 1455 non
595 1399 709 1456 timetur.

315 1507 340 1560 4.
361 1505 442 1572 “Sed
461 1505 526 1578 proh
542 1505 640 1578 pudor!
659 1524 705 1578 pro
722 1506 790 1562 bono
806 1505 1007 1563 inoommntabiti
1025 1525 1072 1579 pro

280 1611 383 1683 praemio
394 1612 570 1678 inustimabili,
583 1630 629 1684 pro
641 1631 740 1668 summo
751 1613 847 1668 honoro
858 1615 885 1668 ot
896 1613 979 1685 gloria
994 1613 1072 1670 inter·

280 1717 393 1774 minabiii
402 1717 444 1774 vel
459 1718 493 1774 ad
506 1717 634 1774 modicum
646 1718 749 1790 fatigari
763 1717 908 1790 pigritatur.
943 1717 1073 1776 Erubssoo

280 1840 348 1894 ergo,
362 1841 434 1880 servs
445 1824 517 1896 piger
528 1827 555 1879 et
567 1823 707 1897 queruloso,
720 1823 789 1896 quod
799 1823 837 1878 illi
850 1825 990 1894 paratiores
1005 1825 1073 1880 invo

279 1930 386 1987 niuntur
396 1931 430 1987 nd
440 1931 614 2004 perditionem,
628 1947 704 2002 quam
714 1933 747 1985 tu
756 1928 789 1984 ad
799 1928 886 1986 vitam.
906 1928 1025 1985 Gaudent
1035 1929 1072 1986 illi

279 2037 386 2109 amplius
398 2037 431 2093 sd
441 2037 588 2103 vanitatem,
601 2039 720 2108 quantu
730 2034 910 2092 adventatom.
945 2035 1071 2107 Equidem

278 2160 324 2214 spo
341 2161 388 2199 sua
404 2161 585 2214 nonnunquam
601 2142 773 2208 nostranton
792 2140 838 2196 sed
855 2141 989 2213 promissio
1009 2143 1071 2198 Mea

278 2249 404 2304 seminam
420 2247 494 2314 fallit,
506 2265 554 2303 neo
571 2239 739 2302 oonfidentem
752 2245 820 2301 Mihi
835 2245 942 2302 dimittit
959 2247 1068 2302 inanem.
1160 2275 1163 2280 ·

278 2354 356 2416 Quod
366 2354 478 2426 promisi,
491 2353 572 2421 dsb03
585 2352 720 2425 quoddixi
728 2352 851 2425 impleb03
864 2352 981 2408 sitamen
990 2371 1071 2425 usque

270 2462 304 2538 in
312 2461 388 2516 tinem
396 2459 655 2516 fidelisindilootione
663 2459 790 2530 Meoqois'
798 2457 973 2530 permanserit.
999 2457 1070 2530 Ergo

276 2574 451 2628 remunerator
461 2589 519 2627 snm
537 2569 650 2626 omnium
664 2569 796 2636 bonorum,
814 2572 841 2624 et
857 2568 932 2624 fortis
948 2567 1069 2640 probator

276 2677 388 2734 omnium
399 2677 557 2736 devotorum.

310 2790 334 2841 5.
355 2791 372 2818 “
381 2786 468 2843 Soribs
482 2786 560 2843 verba
570 2786 633 2842 Mea
643 2785 672 2841 in
682 2784 757 2842 oords
768 2789 822 2852 tuo,
835 2789 862 2841 ot
873 2790 1003 2858 postraota
1013 2787 1068 2842 dili·

274 2897 379 2966 genten
397 2897 472 2950 erunt
483 2893 551 2949 enim
561 2893 590 2949 in
599 2897 713 2965 tempore
730 2891 879 2948 tentationis
894 2891 967 2948 valde
984 2910 1070 2948 neoes·

274 3000 346 3058 saria
383 3000 461 3062 Quod
471 3019 523 3057 non
533 2999 653 3072 intelligis
669 2989 728 3055 oum
742 2998 814 3070 legis,
831 2978 968 3072 oopnosoos
983 3000 1011 3055 in
1026 2999 1068 3056 die

566 3177 573 3218 l
584 3179 612 3218 Cf.
622 3179 662 3218 Iso„
672 3180 734 3220 xxiii.
743 3180 761 3220 t.

410 3318 656 3328 --—-------—-.·-.--.-.
820 3322 1116 3329 ---.-.......--..—--—-..-

221 3339 230 3371 1
423 3337 656 3346 .-.....,,.-..--..,-.
