2546 3842
281 404 327 454 16⁰
531 399 580 448 DE
598 397 818 448 nummorum

278 536 365 594 tendo.
399 534 436 592 m
449 533 500 590 nui
513 551 529 589 e
542 533 579 590 Te
593 532 668 589 fuero
682 531 785 604 adjutus
797 534 824 588 et
836 530 944 588 interius
956 530 1073 587 informe

280 645 331 709 tue,
344 644 416 697 totus
427 639 521 696 efficior
532 637 634 710 tepidus
646 640 673 694 et
685 635 832 693 dissolutus.

316 749 341 803 2.
359 746 504 810 tuentem,
516 743 641 809 Doumu,
653 760 754 814 semper
770 741 839 798 idem
854 741 916 814 Ipee
927 759 963 808 ee,
980 745 1007 797 et
1018 759 1073 812 per-

280 845 1072 920 nanninaeumumsemperbonmjnuqetimetuubene,

279 956 357 1028 juste,
368 973 398 1012 ue
409 956 497 1010 ennete
509 970 587 1026 egene
603 951 695 1018 omniu,
707 954 735 1007 et
747 951 884 1025 disponens
896 951 925 1007 in
940 949 1071 1022 sapientie

281 1059 503 1133 Sedegnquind
519 1057 648 1115 defectum
665 1075 723 1112 enm
740 1057 933 1131 mnginprnnue
949 1053 1073 1128 qunmed

280 1163 430 1236 profectum,
440 1180 493 1219 nnn
499 1181 557 1218 num
565 1179 665 1234 semper
675 1161 704 1218 iu
714 1179 766 1218 nno
776 1164 848 1218 stetu
856 1160 1004 1234 perdurans,
1014 1158 1074 1231 quie
1117 1218 1119 1233 .

280 1273 368 1338 septen
379 1273 486 1339 tmpore
502 1270 715 1338 nutantemque
725 1267 779 1323 ιη’.
826 1266 1011 1322 Verumtamen
1022 1263 1073 1319 cite

281 1371 372 1427 meiius
383 1372 421 1441 fit,
433 1389 492 1428 eum
502 1371 561 1427 Tibi
571 1371 703 1443 placuerit,
716 1374 743 1428 et
754 1387 858 1426 menum
869 1369 1012 1442 porrexeris
1030 1367 1073 1422 nd·

280 1475 416 1548 jutrieem3
434 1475 494 1547 quin
507 1474 548 1530 uu
559 1474 629 1532 solue
640 1475 695 1531 eine
708 1475 821 1531 humano
838 1473 959 1546 suffragio
977 1472 1072 1545 peteris

282 1579 403 1645 auxilieri,
414 1581 441 1635 et
452 1579 481 1634 in
491 1581 593 1634 tentum
604 1579 761 1647 eondrmnre,
781 1582 813 1636 ut
828 1579 916 1636 vultur
933 1596 1006 1634 meus
1022 1596 1072 1633 um-

281 1684 347 1756 ph'ne
358 1684 386 1738 in
397 1683 497 1739 diverse
510 1701 562 1739 non
579 1687 701 1751 mutetur,
714 1684 760 1741 sed
770 1684 799 1740 in
815 1686 852 1742 'de
867 1702 919 1740 uno
930 1702 975 1741 eor
987 1702 1073 1739 meum

281 1791 444 1845 eonvertatur
455 1791 482 1843 et
494 1788 616 1859 quiescat.

316 1895 340 1949 3.
359 1893 444 1959 Unde,
456 1894 479 1949 si
496 1893 561 1950 bene
577 1894 670 1951 eeirem
686 1913 788 1952 omnem
804 1896 942 1952 humanum
959 1895 1071 1953 eonsule-

281 1999 377 2055 tionem
388 1997 503 2071 abjicere,
516 1999 571 2055 eive
581 2003 687 2073 propter
698 1999 859 2058 devotionem
877 2000 1072 2074 edipineendnm,

281 2102 334 2159 eive
351 2107 456 2176 propter
478 2103 657 2160 neeessitetem
674 2122 726 2176 qun
742 2105 879 2176 eompellor
896 2105 933 2162 Te
950 2123 1071 2177 querere,

282 2207 341 2279 quie
358 2226 410 2264 uon
432 2211 473 2264 est
490 2208 566 2264 homo
584 2208 628 2280 qui
645 2227 686 2264 me
704 2208 866 2275 consoletur3
891 2212 954 2266 tune
971 2228 1073 2281 possem

281 2315 373 2372 merito
384 2315 416 2372 de
427 2316 511 2389 gretie
526 2318 582 2372 'dne
593 2335 701 2389 sperare,
714 2321 741 2373 et
753 2317 785 2374 de
797 2317 863 2373 dono
874 2336 947 2375 novae
958 2320 1071 2375 eonsule-

281 2419 359 2476 tionie
371 2420 494 2477 exultare.

316 2527 341 2578 4.
368 2524 469 2579 Gratius
489 2523 554 2591 mhi,
572 2524 641 2581 unde
660 2527 746 2581 totum
763 2527 841 2593 venit,
863 2527 1073 2599 quotiescumque

283 2625 345 2681 mihi
355 2627 419 2684 bene
427 2627 554 2684 eueeedit!
582 2628 639 2700 Ego
652 2633 738 2686 eutem
745 2631 845 2687 venitm
857 2635 884 2688 et
895 2631 1003 2687 nihilum
1014 2635 1074 2688 unte

282 2729 326 2799 Te,
341 2731 486 2787 ineenstam
503 2731 580 2787 homo
594 2735 621 2787 et
638 2733 761 2790 infirmus.
798 2734 875 2790 Unde
892 2753 954 2808 ergo
969 2755 1073 2808 pessum

283 2833 393 2905 gloriari,
406 2840 509 2892 auteur
524 2840 616 2908 appete
627 2838 741 2909 reputari
755 2840 767 2894 Ρ
785 2838 919 2911 Numquid
930 2839 963 2896 de
973 2841 1074 2896 nihilo?

284 2940 311 2994 et
322 2938 370 2995 hoe
381 2939 545 2994 verissimum
556 2943 604 2995 est.
640 2941 708 2997 Vere
719 2941 801 2998 innuis
813 2942 894 3014 glorie
908 2944 988 3012 pestis
1000 2943 1073 3009 melu,

502 3076 569 3118 ¹Dnn.
578 3080 605 3119 iv.
615 3081 646 3128 18,
656 3081 686 3128 20,
696 3080 726 3120 22
737 3082 775 3128 (1⁶,
784 3081 815 3129 28,
824 3083 862 3128 Μ.)
