2528 3850
450 453 594 503 CHRISTI
613 453 656 503 lv.
669 455 693 512 9,
707 455 743 501 10.
946 456 992 502 235

208 589 313 646 nimium
324 587 412 644 reddat
424 591 451 644 et
462 588 614 660 perplexos3
631 590 756 660 quatenus
772 587 890 643 affectuum
907 607 994 644 eorum

209 695 314 760 minuat,
326 693 367 749 vel
377 693 452 750 fidem
463 693 633 766 impugnando
644 693 750 759 auferat,
764 693 787 748 ai
801 693 868 750 forte
884 697 929 750 aut
944 711 995 750 om-

209 800 270 854 nino
290 799 497 855 Communionem
515 799 666 871 relinquant,
685 801 730 854 aut
750 817 808 856 eum
822 802 911 870 tepora
928 817 996 855 aeae·

211 903 280 958 daut.
317 901 368 958 Sed
385 919 437 958 non
455 907 495 959 est
513 903 649 976 quidquam
669 903 808 959 curandum
828 903 860 960 de
877 905 996 960 versutiis

210 1012 238 1064 et
255 1007 395 1079 phantasiis
410 1008 485 1075 libna,
498 1009 683 1081 quantumlibet
699 1009 817 1082 turpibua
829 991 996 1076 et'borridis3

211 1112 257 1170 aad
268 1118 360 1170 cuneta
370 1115 548 1187 phantasmata
558 1115 586 1170 in
597 1118 673 1188 eaput
685 1115 741 1188 ejus
753 1121 813 1172 suut
820 1116 996 1188 retorquenda.

211 1219 417 1276 Contemnendua
437 1224 478 1277 eat
497 1219 574 1276 miser
590 1223 617 1276 et
641 1219 790 1277 deridendus
800 1241 808 1289 3
827 1239 875 1278 nea
894 1227 999 1294 propter

211 1325 322 1380 inaultna
342 1325 398 1396 ejua
412 1327 440 1380 et
460 1324 639 1381 nammationea
659 1343 721 1397 quaa
742 1326 856 1404 suscitat,
872 1345 944 1384 saara
959 1331 998 1384 eat

213 1429 352 1486 omittenda
363 1431 520 1487 Communia.

238 1539 262 1591 3.
275 1537 366 1608 “Soepe
377 1537 453 1593 etiam
462 1535 567 1608 impedit
577 1534 655 1591 nimia
663 1535 805 1592 aobimtndo
812 1553 859 1608 pra
867 1535 1000 1593 devotione
1080 1614 1081 1617 Ἴ

215 1639 337 1711 habunda,
348 1647 375 1697 et
386 1640 500 1697 anxietas
516 1639 631 1712 quadum
648 1639 680 1695 de
700 1639 858 1696 eouimaiona
877 1640 999 1698 faeienda.

214 1749 272 1820 Age
283 1747 422 1804 seeundum
432 1746 564 1804 eonsilium
573 1745 722 1817 sapientum,
734 1748 762 1801 et
778 1745 875 1817 depone
890 1746 1001 1802 auxieta-

215 1859 306 1910 temet
319 1853 472 1926 scrupulum,
490 1852 549 1925 quia
563 1853 671 1925 gratiam
687 1850 743 1907 Dn1
761 1850 873 1923 impedit,
885 1855 913 1908 et
928 1851 1000 1910 devo-

216 1958 312 2014 tionem
326 1958 418 2014 mentia
435 1956 551 2014 destruit.
587 1957 696 2028 Propter
710 1955 819 2027 aliquam
834 1973 937 2026 parram
947 1960 1003 2012 tur-

217 2063 344 2120 bationem
360 2061 401 2119 vel
417 2063 576 2135 gravitatem,
594 2079 691 2117 sauram
707 2079 739 2116 ne
757 2059 870 2116 dimitti
886 2057 1003 2117 Commu·

218 2168 336 2234 aionem;
356 2167 402 2224 aad
418 2167 482 2224 vade
502 2167 577 2224 atius
593 2167 715 2236 confiteri,
736 2171 762 2223 et
783 2185 869 2222 omues
888 2167 1004 2224 offensiu-

219 2298 265 2334 nea
277 2278 332 2334 aliia
342 2278 450 2334 libenter
461 2275 572 2350 indulge.
597 2279 625 2332 Si
636 2295 696 2334 vero
707 2282 739 2333 tu
749 2277 858 2349 aliquem
868 2277 1004 2345 offmduti,

220 2383 318 2438 veniam
332 2381 461 2438 humiliter
477 2401 588 2455 precare,
604 2387 631 2440 et
645 2383 723 2439 Duas
740 2381 848 2440 libenter
864 2383 1005 2457 indulgebit

219 2487 275 2544 tibi.

244 2596 269 2648 4.
283 2590 376 2653 “Quid
386 2591 489 2662 prodeat
498 2591 650 2650 diutardare
658 2593 847 2661 euniaasiouem.
857 2595 902 2650 aut
911 2611 1007 2651 sauram

222 2698 322 2754 differre
334 2695 560 2752 Communioueml
578 2699 734 2770 Expurgate
746 2699 898 2771 cumprimis,
911 2717 1008 2771 empna

222 2801 342 2859 velociter
349 2819 481 2867 venenum,
493 2801 587 2857 teatina
597 2801 709 2874 accipere
720 2803 866 2870 remedium,
876 2806 902 2859 et
914 2802 1009 2858 sentim

223 2907 312 2964 melius
330 2906 439 2978 quamsi
456 2905 500 2962 diu
515 2903 651 2974 dbbuleria
687 2907 715 2963 Si
730 2907 805 2964 hodie
820 2914 923 2980 propter
940 2907 1010 2963 istud

223 3013 338 3080 dimittis,
355 3031 410 3070 arua
428 3013 537 3071 forsitan
551 3013 620 3070 aliud
639 3013 720 3085 majus
735 3013 854 3080 eueniet3
870 3018 897 3069 at
913 3013 950 3070 aia
966 3013 1011 3069 diu

223 3137 311 3188 possea
329 3137 345 3175 a
362 3117 543 3176 communione
558 3117 681 3191 impediri,
693 3121 720 3174 et
732 3118 812 3190 magis
827 3117 1010 3188 ineptus-fieri.
