2524 3844
430 469 574 517 CHRISTI
599 467 636 516 11.
648 470 671 526 6,
685 469 707 518 7.
931 467 961 510 65

123 802 126 990 Ι
466 880 583 936 CAPUT
607 879 671 934 vn.

339 1068 375 1105 DE
393 1065 487 1105 AMORE
505 1066 570 1105 JESU
589 1065 676 1104 SUPER
693 1065 789 1104 onum,

205 1236 230 1290 1.
249 1231 354 1299 Beatus,
370 1233 414 1304 qui
436 1231 555 1304 intelligit
579 1230 641 1302 quid
664 1230 698 1285 sit
722 1248 805 1285 amere
822 1229 921 1296 lusum,
934 1235 961 1284 et

169 1343 331 1398 contemnere
343 1359 371 1405 se
382 1339 466 1412 ipsum
474 1343 578 1411 propter
586 1339 604 1393 J
604 1346 686 1394 nsum.
722 1338 833 1408 Oportet
842 1337 961 1392 dilectum

168 1465 217 1520 pro
237 1447 339 1504 Dilecto
362 1445 511 1518 relinquere,
531 1446 591 1516 quis
606 1445 690 1500 Jnsus
713 1444 769 1500 vult
793 1443 862 1498 solus
886 1461 961 1514 super

169 1554 256 1610 omnia
276 1554 361 1609 amari.
409 1551 519 1608 Dilectio
543 1556 665 1608 creature
685 1551 763 1606 fallax
782 1554 808 1606 et
827 1549 959 1614 instabilis,

169 1659 271 1718 dileetio
294 1663 364 1717 Jnsu
387 1661 467 1717 fidelis
491 1665 518 1717 et
540 1661 737 1734 perseverabilis.
778 1661 832 1721 Qui
849 1661 959 1716 adheret

169 1772 300 1834 creature,
309 1767 381 1824 cadet
389 1766 533 1834 cumlsbili;
553 1764 960 1838 quismplectiturJusuu,fir1ne-

168 1878 240 1932 bitur
250 1876 278 1930 in
289 1893 378 1931 sevum.
414 1874 492 1930 Illum
503 1873 579 1944 dilige
591 1875 618 1927 et
630 1872 739 1926 amicum
749 1871 798 1928 tibi
809 1873 897 1939 retine,
906 1873 960 1933 Qui

168 1981 286 2037 omnibus
302 1979 477 2036 recedentibus
492 1983 520 2034 te
533 1997 586 2034 non
598 1977 731 2047 relinquet,
748 1995 795 2032 nec
808 1979 920 2049 patietur
933 1979 960 2034 in

168 2205 223 2261 sive
234 2204 304 2270 velis,
318 2203 371 2260 sive
382 2205 453 2259 nolis.

205 2315 229 2367 u.
248 2311 317 2367 Tene
327 2315 355 2366 te
373 2311 441 2382 apud
451 2311 544 2365 Jusun
561 2311 649 2365 vivens
664 2328 694 2365 ae
710 2312 827 2378 moriens,
845 2317 871 2368 et
885 2311 958 2368 Illius

167 2427 285 2484 fidelitati
301 2431 329 2483 te
346 2428 483 2494 committe,
498 2429 549 2492 Qui
565 2426 681 2483 omnibus
699 2428 872 2485 deficientibus
890 2431 958 2487 solus
1032 2451 1036 2456 ·

121 2568 122 2579 κ
166 2537 254 2606 potest
271 2538 298 2589 te
313 2534 410 2606 juvare.
446 2533 563 2588 Dilectus
581 2536 642 2586 tuus
660 2532 718 2587 talis
736 2537 776 2588 est
798 2538 903 2601 nature,
928 2543 958 2591 ut

166 2643 278 2698 alienum
294 2661 347 2698 non
362 2642 424 2698 velit
442 2642 583 2708 admittere,
602 2643 647 2697 sed
664 2642 733 2697 solus
750 2643 806 2698 vult
823 2662 867 2718 eor
883 2655 958 2700 tuum

109 2764 112 2891 Ι
166 2748 268 2814 hebere,
281 2751 308 2804 et
322 2751 445 2819 tanquam
460 2767 507 2804 rex
523 2749 551 2803 in
567 2750 668 2820 proprio
685 2749 778 2804 throno
799 2749 893 2806 sedere.
931 2753 958 2807 Si

167 2097 219 2150 fine
230 2095 320 2166 perire.
356 2095 397 2150 Ab
409 2094 525 2149 omnibus
537 2096 638 2164 oportet
653 2092 826 2163 teeliquando
840 2095 957 2165 separari,

166 2855 246 2910 scires
257 2861 285 2910 te
296 2855 361 2911 bene
373 2855 404 2912 ab
416 2857 485 2911 omni
502 2859 618 2912 erectim
634 2875 763 2926 evacuare,
781 2859 865 2915 Jnsus
882 2859 957 2916 vellet

107 2894 110 3033 i
165 2960 276 3015 libenter
287 2963 373 3016 tecum
384 2962 505 3018 habitare.
524 2965 600 3020 Paene
611 2967 695 3019 totum
702 2964 830 3036 perditum
837 2967 956 3032 invenies,
995 3001 997 3012 ·

166 3066 292 3138 quidquid
314 3071 389 3123 extre
407 3069 500 3125 lusum
522 3070 550 3125 in
572 3069 715 3125 horninibus
738 3071 860 3142 posueris.
896 3070 958 3126 Non

114 3208 117 3340 ι
166 3173 279 3230 confidas
297 3191 345 3231 nee
361 3176 477 3232 innitaris
496 3195 571 3249 super
592 3177 716 3234 calamum
735 3181 877 3244 ventosum,
900 3177 959 3248 quia

82 3310 294 3406 gfff-„u
