2546 3842
226 256 1167 305 ···——-—-——--—·——.-...!.

297 421 344 471 188
548 423 598 474 DE
616 423 833 475 IMITATIONE

331 557 356 614 3.
374 558 398 616 Ο
410 575 486 632 quam
496 559 561 617 bene
577 563 662 634 sapuit
674 569 762 618 saneta
772 563 815 618 iila
827 562 916 629 anima,
930 580 987 635 que
1005 561 1069 618 dixit
1081 585 1088 616 ι

297 665 399 722 “Mans
416 683 474 722 maa
490 667 598 723 solidate
614 671 662 735 eat,
681 671 708 724 et
731 669 759 724 in
784 668 905 724 Omameo
934 667 1088 724 iamdata²!'’

296 772 324 827 Si
346 772 384 828 ite
401 790 501 829 meeum
523 773 598 839 foret,
622 792 675 829 non
694 777 749 829 tam
770 775 845 830 facila
868 775 945 830 timor
961 775 1088 830 humanus

295 896 335 934 me
353 878 508 945 sollicitaret,
527 895 574 935 nee
591 879 727 935 verborum
743 880 828 952 jamule
844 884 983 936 moverent.
1020 880 1088 941 Quis

294 985 378 1041 omnia
402 986 547 1058 praevidere,
572 987 629 1057 quis
652 1005 793 1058 precavere
820 987 909 1042 futura
930 987 997 1042 mala
1021 987 1087 1042 suffl-

293 1095 348 1151 eit?
374 1095 403 1150 Si
419 1095 526 1168 praviae
548 1113 615 1166 saepe
639 1095 716 1151 etiam
738 1095 842 1160 laedunt,
867 1093 929 1166 quid
950 1095 1088 1166 improvisa

292 1201 342 1257 nisi
353 1202 465 1274 graviter
475 1202 592 1258 feriunt?
611 1201 661 1257 Sed
673 1220 750 1272 quare
761 1201 824 1256 mihi
834 1200 926 1256 misero
933 1217 985 1255 non
995 1201 1086 1256 melius

292 1307 412 1379 providi?
430 1308 567 1364 Curatiam
575 1309 629 1364 tam
636 1307 892 1363 faeileeliiaaredidi?
912 1307 1085 1363 Sedhominea

292 1431 387 1481 sumus,
400 1433 447 1470 nee
459 1414 526 1470 aiiud
541 1431 617 1485 quam
632 1414 734 1486 fragiles
745 1413 860 1469 hominaa
876 1431 972 1479 eumue,
985 1414 1085 1469 etiamsi

247 1593 248 1596 Ἴ
292 1521 375 1594 angeli
392 1538 408 1575 a
423 1521 511 1577 multis
529 1521 684 1576 aestimamur
706 1523 733 1575 et
751 1519 866 1576 dicimur.
902 1519 952 1574 cei
975 1519 1083 1586 aradam,

290 1632 414 1698 Demeam,
425 1631 466 1687 eui
475 1629 575 1686 aradam
583 1630 633 1685 nisi
642 1629 713 1685 'libii
732 1629 836 1684 Veritas
844 1647 879 1694 aa,
888 1647 943 1699 quae
952 1629 1085 1697 nenfeliie,

246 1757 247 1762 ’
290 1757 337 1795 nea
348 1738 402 1794 falli
413 1741 494 1810 potes.
524 1737 561 1792 Et
572 1755 689 1791 rursum:
711 1737 793 1791 Omnia
802 1736 1000 1800 tomomadaffi,
1013 1733 1083 1789 infir-

290 1864 354 1911 mus,
366 1843 500 1910 instabilis,
510 1847 537 1899 et
548 1843 630 1898 labilis
641 1841 750 1897 maxime
761 1841 789 1896 in
800 1841 891 1906 verbis,
904 1841 942 1896 ita
953 1844 984 1896 ut
996 1841 1084 1896 statim

289 1955 332 2011 vix
344 1955 412 2012 aredi
424 1955 521 2021 debeat,
535 1952 603 2025 qued
613 1953 712 2008 rectum
723 1952 751 2007 in
761 1950 826 2006 faeie
837 1967 927 2005 sonare
938 1949 1063 2005 videtui„

324 2066 348 2118 4.
368 2062 454 2123 Quam
470 2060 610 2134 prudenter
626 2058 807 2131 praemonuisti,
827 2057 963 2112 cavendum
977 2075 1033 2112 ease
1050 2059 1083 2112 ab

288 2171 432 2236 hominibus,
451 2173 478 2225 et
490 2169 550 2241 quia
567 2170 662 2223 inimici
678 2169 780 2222 taminia
798 2167 922 2222 domestici
938 2167 1018 2237 ajam
1039 2183 1083 2219 aaa

288 2277 438 2342 eradendum,
453 2278 477 2330 ai
493 2277 549 2346 quia
565 2275 664 2342 diaeo-ia,
681 2273 770 2328 “Ecca
788 2275 835 2338 aaa,
854 2277 903 2326 aut
922 2289 975 2327 eoae
988 2271 1081 2326 illice?

287 2384 388 2439 Doctus
400 2401 455 2438 eum
464 2382 555 2438 damno
563 2401 628 2449 meo,
638 2385 665 2437 et
672 2381 772 2436 utinam
781 2379 813 2435 ad
820 2379 944 2436 cautelam
951 2379 1079 2452 majorem,

287 2495 313 2546 et
326 2507 378 2545 non
395 2488 428 2544 ad
443 2487 613 2560 insipientiam
630 2487 700 2544 mihi.
737 2487 860 2543 “Cautus
875 2485 956 2550 esto,”
973 2485 1010 2541 ait
1024 2485 1080 2556 qui·

287 2595 352 2663 dem,
365 2597 477 2650 “cautus
491 2597 554 2663 esto,
567 2613 640 2652 serva
655 2595 723 2667 apud
733 2597 769 2662 te,
780 2595 848 2667 qued
859 2594 942 2651 diae.’'
971 2596 1006 2650 Et
1019 2595 1080 2651 dum

286 2719 334 2774 ego
352 2699 413 2755 sileo
430 2703 456 2754 et
474 2697 650 2756 absconditum
669 2699 751 2767 eredo,
770 2718 817 2756 nea
836 2700 879 2756 iile
899 2700 973 2756 silere
993 2703 1079 2772 potest

286 2808 355 2879 quod
366 2805 491 2862 silendum
501 2805 584 2877 petiit,
598 2806 643 2862 aed
655 2808 742 2863 stetim
754 2807 839 2880 prodit
851 2827 892 2864 me
904 2811 931 2864 et
938 2827 973 2875 aa,
982 2811 1008 2864 et
1016 2809 1078 2865 abit.

285 2913 326 2970 Ab
338 2905 483 2986 hujusmodi
491 2911 591 2968 famulis
600 2915 626 2969 at
637 2911 746 2970 incautis
757 2915 902 2972 hominibus
913 2919 1019 2988 pretege
1027 2935 1077 2982 me,

358 3075 367 3095 ¹
380 3068 425 3107 Sall.
436 3069 455 3107 S.
465 3068 550 3117 Agatha
773 3079 783 3099 ⁸
791 3073 825 3112 Pe
836 3083 881 3112 axv.
893 3071 962 3117 (oxma
971 3071 1002 3111 11.

358 3135 396 3175 es.
406 3135 456 3175 Mat
466 3145 487 3174 x„
498 3135 528 3183 1t,
538 3136 566 3176 δᾶ
770 3139 819 3178 aIb.
829 3140 887 3179 xxiv.
897 3139 927 3179 28.
