2528 3850
449 403 593 454 CHRISTI
611 403 665 453 ιιι
680 405 720 454 oo.
929 403 974 456 ιιι
1055 380 1057 386 ’

215 533 239 584 5.
257 529 358 584 Gratim
374 529 431 586 Tibi
451 530 511 602 quic
529 549 581 588 non
596 530 733 602 pepercisti
751 529 823 587 malis
841 531 911 599 meis,
931 533 976 596 ced

188 634 310 691 attrivisti
331 652 373 700 mc
392 633 539 690 cerbonius
558 635 658 702 amoris,
680 635 798 708 infligens
821 635 928 704 dolores,
949 641 976 694 et

185 739 324 794 immittens
342 739 472 811 angustiae
490 741 552 794 foris
568 743 595 796 et
610 741 687 796 intus.
732 741 794 796 Non
813 744 853 797 est
873 742 917 813 qui
935 763 976 800 me
1067 797 1070 802 .

183 845 333 912 consoletur,
355 864 388 902 ex
407 845 524 901 omnibus
544 863 600 924 qme
621 846 668 902 sub
689 846 762 920 coelo¹
776 849 845 912 sunt,
863 847 913 903 nisi
936 849 976 904 Tu

140 1005 143 1012 Δ
180 950 295 1004 Dommc
313 951 391 1006 Drios
408 969 488 1017 meus,
499 951 607 1006 coelcstis
625 951 743 1008 Medicus
760 951 908 1019 animorum
925 957 975 1015 Qui

175 1063 285 1129 percutis
296 1065 321 1114 et
338 1079 418 1126 ccccc,
429 1062 528 1115 deducio
541 1063 578 1116 cd
592 1063 683 1132 iffcrcc
696 1065 721 1117 ct
732 1064 827 1118 reducis
832 1071 852 1120 ¹.
895 1061 976 1118 Disci-

183 1165 253 1235 plina
264 1139 320 1220 Tim
331 1184 406 1238 super
418 1184 466 1232 mo,
479 1169 506 1222 et
517 1166 590 1238 virga
600 1168 657 1222 Tm
666 1167 723 1240 ipsa
733 1187 774 1224 me
786 1169 895 1226 docebit.

217 1277 240 1332 6.
259 1275 335 1341 Ecce,
347 1267 425 1332 Pater
438 1275 536 1342 dilecte,
548 1277 576 1332 in
587 1277 703 1333 manibus
714 1279 776 1334 Tuis
788 1298 846 1335 siun
858 1298 915 1352 ego,⁴
927 1281 976 1336 cub

185 1381 258 1452 virgo
266 1382 428 1437 correctionis
440 1383 501 1438 '1¹11ae
512 1402 553 1438 me
565 1383 665 1440 inclino.
691 1385 801 1440 Percote
813 1386 916 1442 dorsum
924 1405 977 1443 me·

181 1509 225 1548 um
242 1494 269 1546 et
284 1491 376 1547 collum
387 1512 480 1560 meum,
493 1498 524 1550 ut
535 1481 665 1551 incuriam
677 1495 709 1552 ad
719 1495 879 1554 voluntatem
894 1497 976 1552 iiiam

180 1596 370 1652 tortuositatem
387 1616 477 1666 mecm
513 1598 565 1654 Fac
581 1617 622 1654 me
637 1599 709 1670 pium
726 1602 753 1654 et
768 1599 889 1654 humilem
903 1599 976 1656 dirci-

181 1700 277 1772 pulum
296 1702 363 1758 sicut
380 1702 445 1760 beno
468 1705 552 1761 facere
570 1705 732 1772 consuevisti,
749 1709 780 1761 ut
798 1706 925 1786 ambulem
943 1707 976 1762 cd

181 1831 281 1870 omnem
292 1817 384 1894 cutum
399 1816 492 1872 Tuum
528 1815 585 1872 Tibi
598 1834 639 1872 mo
654 1819 682 1872 et
698 1815 783 1872 omnio
799 1834 857 1872 mea
872 1816 905 1870 od
921 1835 974 1873 cor-

181 1922 312 1994 rigendum
330 1922 494 1980 commendo:
512 1923 657 1979 meliorest
673 1923 716 1978 hic
733 1922 833 1998 corripi,
853 1905 929 1995 quom
949 1923 978 1978 in

181 2028 276 2084 futuro.
312 2029 353 2084 'Pu
370 2029 419 2084 scis
437 2029 522 2084 omnia
538 2032 565 2084 et
589 2029 695 2102 singula,
714 2031 741 2084 et
758 2029 795 2084 nil
811 2029 849 2084 Te
865 2029 930 2084 latet
947 2028 976 2084 in

182 2135 293 2188 humano
304 2134 465 2190 conscientia.
501 2135 647 2206 Antequam
657 2134 727 2201 fiant,
740 2134 809 2191 nosti
816 2137 931 2201 ventura,
949 2138 976 2190 ct

182 2247 234 2284 non
242 2247 305 2301 opus
318 2233 357 2284 est
370 2229 427 2284 Tibi
438 2233 469 2284 ut
481 2229 538 2300 quis
550 2230 585 2284 Te
598 2229 687 2284 doceat
699 2232 744 2284 cut
756 2229 890 2285 admoneat
897 2227 928 2284 de
935 2229 975 2284 hie

183 2353 239 2405 quae
251 2323 375 2406 geruntur
386 2334 414 2388 in
426 2337 501 2389 terre
537 2335 578 2389 Tu
589 2334 638 2390 scis
651 2333 713 2404 quid
724 2333 826 2405 expedit
835 2334 868 2388 cd
879 2333 976 2406 profec-

183 2444 239 2496 tum
251 2459 344 2506 meum,
361 2443 387 2496 et
400 2442 523 2510 quantum
531 2439 640 2495 deservit
653 2439 783 2496 tribulatio
795 2440 976 2512 odrobiginem

183 2549 303 2603 vitiorum
325 2546 491 2618 purgandam.
529 2545 581 2601 Fac
598 2564 697 2602 mecum
714 2545 885 2602 desideratum
901 2546 976 2602 bene-

184 2651 306 2723 placitum
326 2653 417 2716 Tuum,
438 2653 464 2706 ct
485 2668 518 2706 ne
538 2649 661 2723 despicias
679 2653 879 2723 peccaminosem
898 2653 979 2708 vitam

185 2775 274 2822 mecm,
287 2756 350 2812 nuili
361 2756 451 2812 melius
463 2774 510 2813 nec
522 2757 613 2813 clarius
625 2777 701 2830 quam
712 2758 770 2814 Tibi
781 2757 829 2815 soli
839 2761 934 2814 notam.

220 2867 245 2924 7.
258 2865 375 2932 Damihi
384 2866 507 2932 Domum,
515 2865 564 2922 hoc
571 2866 642 2933 scire,
653 2866 721 2938 quod
728 2864 858 2922 sciendum
867 2869 907 2921 est
913 2885 920 2932 ;
932 2865 980 2920 hoo

185 2989 276 3038 amare,
287 2972 356 3041 quod
367 2972 502 3029 amandum
514 2976 570 3038 est;
587 2973 637 3028 hoc
647 2972 758 3039 laudere,
768 2970 837 3044 quod
848 2971 906 3026 Tibi
915 2989 981 3025 rmn-

509 3105 518 3122 ¹
528 3096 576 3136 Tob.
585 3095 659 3135 xlm
