2546 3842
422 439 565 486 CHRISTI
591 439 745 497 111.11,12.
926 445 969 494 107

177 591 223 644 per
233 571 486 643 indisciplinationem
500 569 645 626 scandalum
656 589 770 642 generes,
783 569 824 626 vel
835 571 912 627 etiem
923 591 970 644 per

178 678 347 736 resistentiam
358 677 464 732 aliorum
476 676 561 732 subito
573 675 683 732 turberis
696 681 722 732 et
734 695 846 734 eorruas.

213 789 237 839 5.
258 783 414 840 “Interdum
429 802 490 839 vero
507 787 609 855 oportet
626 784 747 840 violentia
757 786 804 852 uti,
817 790 844 842 et
861 785 969 842 viiiiiter

177 894 303 967 appetitui
319 895 440 950 sensitivo
457 899 592 961 emerem,
612 915 660 951 nee
677 896 808 952 advertere
828 898 891 970 quid
906 898 968 955 velit

174 1021 234 1060 caro
245 1006 272 1058 et
284 1001 346 1074 quid
360 1020 413 1056 non
426 1001 496 1068 velit,
509 1001 555 1058 sed
571 1002 620 1058 hoo
635 1003 715 1076 magis
726 1009 849 1076 satagere,
862 1009 892 1060 ut
907 1004 968 1061 sub·

135 1090 137 1199 i
172 1113 242 1184 jecta
260 1112 303 1178 sit,
322 1111 399 1167 etiem
418 1109 514 1174 nolens,
536 1109 645 1181 spiritui.
680 1110 717 1166 Et
734 1110 832 1166 tamdiu
849 1110 968 1182 eastigmi

175 1226 257 1291 debet,
276 1230 303 1281 et
321 1224 380 1296 oogi
402 1222 522 1279 servituti
544 1221 656 1288 subesse,
678 1221 758 1277 donee
776 1225 865 1293 parata
880 1220 916 1276 sit
934 1220 967 1276 sd

174 1334 264 1399 omnis,
277 1333 413 1405 peuoisque
425 1331 568 1387 eontentori
580 1330 668 1396 diseat,
681 1334 708 1386 et
720 1328 876 1401 simplicibus
885 1327 965 1384 deleo·

174 1440 230 1507 tori,
242 1457 290 1494 nee
302 1443 390 1495 eontra
401 1439 502 1510 aliquod
512 1439 690 1496 inoonveniens
702 1438 884 1493 murmurare.'’

439 1655 689 1708 m

470 1855 588 1911 CAPUT
612 1858 675 1914 XII.

216 2039 253 2078 mi
272 2039 479 2078 mrommlomm
497 2038 659 2091 mmmm,
676 2039 710 2077 ET
728 2037 887 2077 memmium

359 2120 500 2158 ADVERSUS
519 2120 772 2160 comcuimclsmims.

209 2277 232 2330 1.
260 2275 376 2330 Domum
405 2274 491 2341 Dios,
520 2278 551 2330 ut
579 2274 660 2342 video,
689 2275 812 2348 patientis
834 2278 874 2331 est
902 2275 964 2330 mihi

172 2383 244 2440 valde
254 2383 414 2451 neeessarie;
432 2383 513 2438 multa
524 2382 591 2438 enim
601 2383 630 2438 iu
639 2383 687 2439 heo
702 2383 757 2438 vita
771 2381 890 2438 eoeidunt
906 2401 964 2439 oon·

171 2492 256 2548 tratis
295 2493 364 2548 Nom
381 2493 588 2565 qualitercunque
605 2493 752 2549 ordinavero
770 2493 801 2549 de
818 2512 881 2565 paee
898 2513 961 2561 mea,

137 2576 140 2651 i
171 2619 223 2658 non
233 2604 318 2673 potest
330 2620 386 2658 esse
398 2600 452 2656 sine
464 2599 529 2656 bello
541 2604 567 2655 et
579 2599 664 2656 dolore
675 2600 729 2656 vita
739 2618 802 2656 meo

206 2712 230 2764 2.
250 2710 317 2765 “Ito
334 2714 382 2776 est,
400 2709 444 2764 fili
480 2708 542 2764 Non
558 2708 625 2764 enim
641 2708 699 2763 volo
715 2713 743 2763 te
756 2708 833 2764 talem
851 2727 962 2780 quaerere

171 2835 265 2890 paoem,
290 2837 346 2890 qum
369 2818 553 2875 tentationibus
576 2823 668 2888 eareat,
689 2826 734 2874 aut
758 2820 885 2876 eontraris
910 2839 962 2876 non

170 2925 282 2992 sentist5
300 2925 346 2982 sed
362 2930 426 2981 tune
443 2926 519 2981 etism
536 2926 660 2982 estimare
677 2931 704 2983 te
721 2945 809 2998 paoem
826 2927 960 2995 invenisse,

170 3051 228 3088 eum
241 3032 320 3089 fueris
332 3033 408 3089 variis
420 3033 625 3090 imbuistiomibus
641 3035 802 3104 exercitatus,
814 3040 841 3091 et
852 3036 880 3090 in
899 3037 962 3093 mul-

170 3142 203 3194 tis
220 3142 442 3198 eontrarietatibus
453 3142 582 3213 probatus.
628 3142 654 3196 Si
668 3141 761 3198 dixeris
779 3149 806 3199 te
823 3161 875 3199 non
885 3161 961 3216 posse
