2524 3844
267 451 299 499 ³0
515 451 564 500 DE
583 449 800 502 IMITATIONE

267 581 400 653 arripiunt.
424 582 494 637 Nam
504 581 580 638 homo
592 584 719 656 proponit,
733 583 778 638 aed
788 583 867 638 Deus
882 581 1002 656 disponit,
1015 601 1063 640 neo

267 695 304 745 eat
315 693 342 744 in
353 691 446 745 tantine
457 692 499 744 eale
510 692 585 761 (ἐπεὶ

304 799 328 852 3.
349 797 377 852 Si
390 797 492 867 pietatis
507 814 584 852 eausa
600 798 645 850 aut
662 795 780 850 fraterne
797 793 916 850 utilitatis
933 793 1064 865 proposito

269 906 419 978 quandoque
430 913 580 962 eonsuetum
592 906 720 962 omittitur
726 905 882 971 exercitium,
893 904 966 960 faoile
974 909 1069 976 poetea'

269 1012 364 1081 poterit
375 1013 526 1084 recuperari.
562 1013 591 1067 Si
598 1015 684 1067 autem
695 1011 770 1067 toedio
778 1011 902 1067 animivel
909 1011 1066 1084 negligentia

268 1117 378 1174 faciliter
388 1117 546 1189 relinquitun,
560 1117 622 1172 natis
637 1116 760 1188 culpabile
775 1119 823 1181 est,
836 1120 863 1170 et
874 1116 993 1171 nocivum
1008 1132 1065 1170 aen·

269 1224 357 1280 tietur.
394 1224 522 1280 (lonemur
533 1225 657 1296 quantum
671 1239 814 1294 posamnns,
827 1221 909 1277 adhue
922 1221 1013 1278 leviter
1024 1221 1065 1277 de-

270 1331 383 1387 ficiemus
403 1331 432 1386 in
448 1330 544 1386 multia.
584 1329 689 1401 Semper
705 1331 793 1384 tamen
812 1327 908 1399 aliquid
927 1325 992 1383 uerti
1009 1343 1066 1400 pro-

269 1441 415 1513 ponendum
432 1443 479 1507 eat,
492 1443 519 1496 et
534 1443 624 1496 eontra
638 1439 681 1495 illa
693 1439 819 1511 praeoipue
832 1455 888 1509 que
900 1437 1007 1511 amplius
1018 1453 1065 1492 noa

270 1546 418 1618 impediunt.
454 1545 590 1602 Exteniora
603 1548 691 1600 nostra
706 1548 733 1600 et
748 1543 870 1600 interiora
882 1544 979 1615 penitet
992 1543 1067 1600 nobie

271 1651 408 1708 scrutanda
430 1655 536 1707 suntet
555 1649 700 1716 ordinanda,
720 1650 780 1722 quia
801 1652 910 1722 utraque
928 1649 1066 1722 expediunt

272 1758 305 1815 nd
315 1759 466 1834 profectum.

306 1867 331 1919 l.
351 1864 379 1920 ui
397 1881 450 1920 nou
468 1863 587 1920 oontinue
604 1865 634 1918 te
649 1861 717 1918 vales
738 1860 863 1934 colligere,
880 1861 971 1918 saltem
990 1863 1067 1920 innten-

272 1968 340 2035 dum,
353 1972 380 2024 et
394 1969 427 2025 ad
441 1969 526 2024 minus
540 1968 579 2024 bia
595 1968 624 2024 in
641 1967 689 2034 dio,
702 1985 776 2022 mene
787 1965 904 2023 videlicet
916 1970 943 2024 et
955 1985 1068 2040 vespere.-

230 2120 232 2135 .
273 2075 352 2130 Mane
363 2093 482 2146 propone,
494 2092 599 2145 vespere
611 2075 709 2130 diaeute
720 2093 804 2129 mores
815 2079 883 2140 tuos,
897 2075 977 2146 qualis
992 2075 1068 2132 hodie

273 2181 345 2236 fiunti
356 2181 384 2235 in
392 2180 477 2242 verbo,
490 2198 573 2251 opere,
586 2183 613 2236 et
625 2180 793 2253 cogitatione3
812 2181 872 2252 quia
882 2181 909 2236 in
919 2180 960 2236 his
976 2183 1068 2254 aaepius

273 2288 360 2343 forsan
371 2285 499 2341 offendisti
509 2286 597 2342 Dnuu
609 2289 636 2342 et
647 2286 798 2358 proximum.
829 2287 942 2359 Aooinge
953 2291 988 2352 te,
1002 2288 1068 2343 siout

273 2394 320 2460 vir,
333 2396 422 2449 contra
434 2391 568 2450 diabolicae
579 2393 722 2464 nequitiaa3
740 2393 813 2449 frana
823 2392 917 2465 gulam,
930 2397 956 2450 et
969 2411 1069 2450 omnem

274 2501 356 2558 oannis
368 2501 556 2558 inclinationem
566 2501 665 2558 facilius
676 2503 795 2560 frenabia.
831 2503 971 2577 Nunquam
987 2505 1022 2561 aia
1037 2523 1069 2562 ex

274 2613 330 2665 toto
342 2609 447 2676 otiosus,
461 2609 506 2664 aed
517 2613 562 2665 aut
572 2609 668 2682 legans,
681 2613 726 2666 aut
738 2610 858 2677 sonibena,
872 2615 916 2666 aut
928 2629 1011 2678 orans,
1024 2615 1069 2667 aut

274 2714 407 2780 meditans,
426 2718 471 2770 aut
489 2715 583 2786 aliquid
599 2715 719 2770 utilitatis
736 2734 783 2787 pro
799 2716 927 2772 eommuni
943 2717 1068 2774 laborans.

276 2819 422 2892 Corporalia
441 2824 528 2880 tumen
548 2821 668 2878 exercitii
688 2821 796 2879 diaerete
817 2827 878 2880 sunt
896 2822 1000 2895 agenda
1022 2841 1070 2880 neo

275 2926 392 2981 omnibus
404 2927 534 2998 aqualiter
544 2928 701 2984 minuenda

311 3033 335 3086 5.
355 3031 420 3092 Qua
438 3035 581 3090 eommunia
597 3053 649 3090 non
666 3039 734 3102 sunt,
753 3055 805 3092 non
824 3039 884 3093 aunt
903 3036 965 3092 ioris
984 3041 1070 3108 osten-

1093 343 1123 453 „4
1191 335 1196 346 .
