2524 3844
270 431 301 478 62
518 422 567 472 DE
585 421 803 475 IMITATIONE

270 558 412 623 heudimus,
431 558 458 612 et
475 555 571 628 majora
589 558 678 610 nostra
700 554 890 626 pertransimus.
928 553 995 608 Satis
1013 553 1066 609 cito

272 663 395 720 sentimus
411 664 438 718 et
453 660 621 733 ponderamus
637 660 699 732 quid
714 660 746 715 ab
760 659 815 715 aliis
832 659 1002 725 sustinemus;
1021 659 1067 714 sed

273 771 397 840 quantum
409 767 451 822 alii
463 765 494 821 de
504 765 577 821 nobis
592 765 728 830 sustinent,
740 781 793 820 uon
806 763 968 818 advertimus.
1014 762 1068 822 Qui

273 875 338 930 bene
355 875 382 928 et
398 874 468 928 reete
486 889 532 926 sua
549 871 707 944 ponderaret,
725 887 778 926 uon
794 872 863 926 esset
880 869 949 941 quod
968 868 999 924 de
1019 869 1069 924 alio

274 978 386 1051 graviter
399 975 531 1049 judicaret.

311 1088 335 1141 i.
353 1085 476 1139 Internus
498 1082 574 1138 homo
598 1081 735 1153 suiipsius
758 1098 846 1136 euram
868 1079 985 1135 omnibus
1002 1080 1071 1134 cums

277 1188 416 1262 anteponit,
435 1191 461 1243 et
479 1186 523 1260 qui
540 1185 589 1242 sibi
605 1185 655 1256 ipsi
675 1185 809 1257 diligenter
827 1183 945 1251 intendit,
963 1183 1072 1238 faciliter

278 1294 310 1350 de
329 1294 384 1349 aliis
395 1296 472 1348 tacet.
507 1293 647 1364 Nunquam
659 1293 708 1348 eris
720 1292 836 1348 internus
854 1295 881 1347 et
896 1291 1010 1356 devotus,
1022 1292 1074 1346 m'si

279 1401 310 1456 de
322 1399 409 1455 alienis
427 1399 534 1464 silueris,
547 1402 574 1455 et
589 1399 622 1454 ad
634 1402 662 1454 te
673 1399 757 1471 ipsum
769 1397 911 1470 specialiter
922 1397 1073 1469 respexeris.

280 1507 308 1562 si
324 1505 373 1562 tibi
390 1507 416 1560 et
433 1506 495 1560 Duo
512 1505 626 1560 totaliter
642 1504 761 1569 intendis,
776 1503 903 1559 modicum
920 1505 947 1559 te
962 1502 1075 1559 movebit

280 1613 348 1688 quod
364 1611 426 1667 foris
443 1610 559 1683 percipis.
594 1610 649 1666 Ubi
665 1627 699 1676 es,
718 1609 818 1682 quando
831 1609 880 1665 tibi
897 1609 947 1680 ipsi
963 1626 1074 1680 praesens

280 1734 332 1772 uon
343 1717 390 1771 esl
421 1715 457 1770 Et
470 1714 569 1786 quaudo
585 1713 670 1769 omnia
680 1714 835 1786 percurristi,
848 1713 910 1785 quid
920 1717 947 1769 te
959 1713 1075 1784 neglectu

282 1821 430 1894 profecisti?
456 1821 483 1876 Si
498 1821 574 1876 debes
589 1821 682 1878 habere
699 1840 787 1894 pacem
805 1825 831 1878 et
847 1822 967 1877 unionem
981 1839 1075 1885 veram,

283 1930 383 1998 oportet
395 1927 463 1998 quod
474 1931 566 1983 cetera
576 1931 669 1984 cuncte
680 1932 826 2000 postponas,
844 1933 871 1984 et
886 1933 914 1984 te
931 1929 1012 1984 solum
1023 1946 1076 2000 prae

283 2033 361 2088 oculis
370 2033 473 2088 habeas.

319 2140 343 2193 3.
361 2138 476 2194 Multum
492 2138 597 2210 pminde
614 2140 736 2211 proficies,
749 2141 772 2195 si
788 2143 816 2196 te
832 2140 951 2196 feriatum
968 2140 1000 2195 ab
1009 2140 1078 2194 omni

285 2241 417 2312 temporali
443 2259 504 2296 cura
530 2259 679 2299 conserves:
710 2243 783 2299 valde
806 2243 913 2309 deficies,
938 2243 961 2298 si
984 2243 1079 2314 aliquid

285 2348 423 2420 temporale
447 2349 611 2421 reputaveris.
650 2351 698 2406 Nil
719 2369 847 2425 magnum,
872 2351 908 2406 nil
931 2351 1018 2416 ultum,
1042 2351 1079 2406 nil

287 2456 396 2524 gratum,
415 2453 451 2508 nil
470 2457 601 2525 acceptum
618 2456 666 2511 tibi
682 2457 723 2522 sit,
736 2457 787 2511 nisi
803 2475 866 2528 pure
883 2457 961 2512 Deus
985 2460 1030 2511 aut
1048 2457 1080 2511 de

286 2561 349 2615 Dno
362 2559 404 2614 sit.
426 2561 520 2614 Totum
531 2578 624 2616 vanum
633 2563 757 2628 existima,
768 2536 891 2634 ¹quidquid
902 2562 1080 2632 consolationis

288 2669 397 2724 occurrit
415 2667 447 2723 dc
461 2668 544 2740 aliqua
556 2671 678 2724 creatura.
721 2671 817 2724 Amans
834 2670 922 2725 Duum
936 2670 1019 2724 anime
1033 2669 1082 2722 sub

289 2779 350 2833 Duo
374 2775 480 2848 despicit
500 2775 625 2830 universa.
671 2775 745 2831 Solus
768 2777 841 2832 Deus
865 2779 975 2831 aeternus
992 2777 1019 2829 et
1037 2773 1082 2827 im-

289 2903 399 2950 mensus,
418 2883 525 2955 implens
541 2883 631 2950 omnia,
645 2883 763 2938 solatium
778 2883 875 2948 animae,
888 2885 914 2938 et
926 2899 986 2936 vera
999 2877 1082 2934 cordis

232 2949 234 3040 l
289 2990 385 3046 reete.
