2546 3842
481 476 622 525 CHRISTI
641 475 693 524 111.
721 477 760 534 26,
772 475 808 526 27.
997 474 1040 523 1³7

515 897 633 952 CAPUT
662 897 776 952 XXVII.

308 1099 382 1142 QUOD
400 1096 531 1137 Pulvuuus
549 1095 627 1134 mon
643 1096 663 1133 A
679 1094 776 1134 suno
792 1094 865 1133 BONO
882 1094 993 1136 mm:

571 1189 723 1228 Ruumuu.

291 1353 316 1403 1.
337 1347 416 1413 “ult
429 1349 530 1418 oportet
545 1351 573 1400 te
590 1344 651 1400 dum
665 1347 750 1400 totum
761 1361 808 1415 pro
819 1354 883 1412 toto,
893 1347 920 1400 et
932 1343 995 1398 nihil
1006 1344 1045 1399 tui

257 1454 337 1526 ipsius
352 1471 415 1508 cese.
452 1453 522 1508 Seite
542 1451 611 1524 quod
631 1469 701 1506 emor
717 1449 758 1505 tui
772 1449 852 1521 ipsius
870 1451 951 1522 magis
971 1454 1046 1505 noeet

257 1560 312 1626 tibi,
331 1577 407 1632 quam
424 1559 508 1630 alique
523 1577 565 1614 res
585 1557 681 1613 mundi.
718 1556 862 1612 seeundum
886 1573 996 1612 amorem
1019 1561 1046 1612 et

258 1667 375 1722 affectum
389 1684 463 1738 quem
474 1666 551 1738 geris,
564 1663 682 1736 quelibet
693 1682 735 1718 res
746 1663 803 1735 plus
814 1663 856 1718 vel
866 1662 950 1718 minus
966 1661 1047 1718 adhe·

258 1776 306 1828 ret.
343 1772 371 1826 Si
385 1772 463 1826 fuerit
479 1788 549 1826 amor
562 1775 624 1826 tuus
637 1789 725 1842 purus,
739 1770 852 1841 simplex,
865 1773 892 1824 et
902 1768 967 1824 bene
982 1768 1047 1824 ordi-

259 1882 343 1944 natum,
360 1877 409 1933 eris
426 1878 480 1932 sine
498 1864 647 1947 captivitate
663 1895 756 1932 rerum.
792 1875 855 1932 Noli
871 1875 1047 1946 eoncupieeere

260 1983 328 2055 quod
339 1983 461 2039 nonlicet
477 1982 585 2050 habere3
603 1981 654 2037 noli
668 1981 761 2037 habere
773 1981 841 2054 quod
859 1984 886 2036 te
903 1984 988 2052 potest
1003 1982 1048 2036 im-

260 2088 346 2160 pedire
362 2092 388 2144 et
405 2089 522 2144 libeutete
535 2087 650 2143 interiori
664 2087 770 2159 privare.
806 2087 904 2143 Mirum
915 2087 984 2159 quod
998 2105 1050 2144 non

261 2213 294 2250 ex
309 2197 366 2250 tote
383 2193 462 2250 fundo
486 2193 568 2248 cordis
585 2197 612 2248 te
632 2193 718 2264 ipsum
738 2191 806 2248 Mihi
828 2181 973 2258 committis,
992 2211 1050 2248 eum
1088 2211 1089 2214 ¹

262 2299 378 2356 omnibus
389 2319 446 2372 quae
458 2299 599 2355 desidetare
610 2301 683 2370 potes
694 2298 736 2352 vel
746 2299 846 2355 hebere.

297 2409 322 2462 2.
341 2409 357 2436 ‘⁴
364 2407 451 2466 Quare
462 2422 527 2460 vano
538 2421 644 2459 moerore
656 2405 829 2460 consumeris?
854 2405 907 2460 Cur
919 2406 1051 2478 superfluis

263 2514 330 2568 euris
342 2513 479 2584 fatigatis?
498 2512 545 2567 Sta
555 2509 588 2566 ed
605 2509 791 2581 beneplacitum
806 2507 905 2578 Meum,
918 2520 944 2568 et
956 2513 1053 2567 nullum

263 2619 367 2690 petieris
380 2617 567 2674 detrimentum.
604 2615 632 2671 Si
644 2616 734 2688 quaerie
746 2616 794 2672 hoe
805 2616 846 2672 vel
857 2617 927 2683 illud,
936 2621 962 2673 et
969 2611 1054 2674 volue-

264 2725 300 2780 ris
312 2717 368 2780 eese
376 2723 412 2779 ibi
420 2724 461 2779 vel
470 2723 513 2789 ibi,
522 2726 626 2794 propter
637 2726 711 2777 tuum
723 2723 882 2780 eommodum
891 2729 917 2780 et
925 2723 1055 2796 proprium

264 2831 450 2904 beneplacitum
461 2830 542 2902 magis
553 2829 716 2896 habendum
733 2821 863 2902 nunquuu't
878 2830 928 2885 eris
945 2829 973 2885 'm
989 2829 1056 2901 quie-

265 2935 362 3002 tudine,
375 2953 422 2992 nee
437 2936 501 2991 liber
517 2955 532 2990 e
549 2935 725 3002 sollieitudine,
744 2935 805 3012 quie
819 2935 847 2990 in
861 2935 931 2991 omni
945 2953 974 2990 re
987 2952 1057 3006 repe·

267 3045 347 3100 rietus
356 3043 445 3114 uliquis
455 3042 576 3109 defectus,
585 3047 611 3099 et
620 3043 648 3098 in
656 3043 724 3098 omni
732 3043 787 3098 loeo
795 3043 844 3099 erit
851 3042 896 3114 qui
904 3041 1059 3098 adversetur.

211 3122 437 3376 *uvat
448 3151 530 3224 igitur
540 3169 592 3208 non
604 3149 722 3222 quelibet
733 3169 775 3206 res
787 3150 879 3222 adeptu
887 3149 928 3206 vel
939 3148 1061 3222 multipli-

195 3328 210 3344 .
563 3325 573 3330 --
1102 3320 1127 3373 ἰ.
