2528 3850
510 303 668 310 „w—

289 433 333 482 190
540 430 589 480 DE
608 427 825 480 IMITATIONE

572 780 690 837 CAPUT
714 781 787 836 LIV.

363 965 399 1005 DE
417 963 542 1004 mmm
559 963 679 1002 Hormus
697 961 815 1000 sirm
833 961 867 1000 ET
886 959 1001 998 GRATIAE.

322 1108 347 1161 1.
365 1105 443 1172 “Fili
456 1105 591 1177 diligenter
602 1103 706 1159 adverte
717 1106 803 1158 motus
816 1103 924 1158 Nature
935 1107 962 1157 et
975 1102 1079 1167 Gretioe,

262 1269 272 1284 .
288 1211 348 1284 quis
363 1211 436 1266 valde
450 1210 575 1267 contrarie
589 1213 616 1266 et
630 1207 758 1266 subtiliter
775 1213 916 1275 moventur,
932 1213 959 1266 et
974 1209 1018 1264 vix
1030 1210 1081 1264 nisi

288 1315 446 1388 espiritusli
463 1319 489 1372 et
506 1316 596 1372 intimo
614 1313 755 1372 illuminato
772 1313 873 1371 homine
893 1315 1079 1372 discernuntur.

289 1427 383 1482 Omnes
400 1425 501 1496 quidem
518 1425 614 1481 bonum
628 1428 760 1497 appetunt,
771 1427 799 1480 et
810 1424 905 1497 aliquid
915 1424 975 1480 boni
986 1425 1014 1480 in
1025 1426 1079 1480 suis

168 1529 171 1536 ’
289 1529 363 1588 dietis
375 1531 416 1586 vel
427 1530 500 1586 fectis
512 1530 688 1602 pretendunt3
706 1529 763 1586 ideo
775 1529 823 1586 sub
835 1531 917 1602 speeie
933 1529 993 1586 boni
1007 1531 1080 1588 multi

289 1635 419 1692 falluntur.
933 1677 935 1682 .
1097 1644 1099 1646 ’

325 1745 349 1797 2.
369 1739 496 1797 “Natura
507 1737 596 1796 callide
607 1744 654 1806 est,
667 1744 694 1795 et
706 1741 800 1795 multos
810 1741 903 1805 trahit,
916 1739 1042 1811 illaqueat,
1055 1742 1082 1794 et

291 1847 392 1918 decipit,
405 1849 431 1901 et
444 1865 471 1902 se
483 1864 582 1916 semper
595 1864 642 1917 pro
659 1846 709 1900 fine
720 1845 812 1912 habet3
831 1845 875 1900 sed
889 1844 978 1900 Gratis
989 1843 1082 1916 simpli·

291 1951 355 2007 eiter
365 1951 485 2017 ambulat,
495 1953 522 2006 et
534 1949 565 2006 ab
578 1951 644 2006 omni
658 1951 741 2022 speeie
753 1951 818 2006 meis
830 1950 953 2016 deelinat3
971 1949 1082 2005 fallacias

291 2074 342 2111 non
358 2057 501 2128 pretendit,
520 2059 546 2111 et
565 2057 648 2111 omnia
667 2075 731 2128 pure
748 2059 853 2128 propter
869 2056 957 2112 Dmm
975 2057 1036 2128 egit,
1055 2057 1083 2112 in

291 2163 351 2224 Quo
363 2165 389 2217 et
401 2162 509 2218 finaliter
519 2161 664 2232 requiescit.

327 2269 351 2322 3.
370 2266 494 2321 “Natura
504 2266 584 2322 invite
591 2267 646 2322 vult
657 2266 729 2333 mori,
742 2284 789 2321 nee
800 2267 889 2337 premi,
902 2285 949 2322 nee
960 2267 1080 2337 superari,

292 2391 339 2430 nee
351 2371 460 2437 subesse,
478 2390 525 2427 nee
543 2377 632 2443 sponte
649 2371 795 2444 subjugari3
821 2371 910 2426 Gratia
920 2389 981 2426 vem
992 2369 1081 2426 studet

292 2477 478 2534 mortificationi
495 2477 610 2548 propriae,
622 2476 719 2531 resistit
737 2476 903 2542 sensualitati,
917 2476 1007 2548 quaerit
1025 2475 1082 2530 sub

288 2584 341 2656 jiei,
354 2582 452 2653 appetit
469 2582 543 2648 vinei,
559 2600 607 2638 nee
618 2583 720 2654 proprie
730 2583 786 2638 vult
799 2581 917 2638 libertate
929 2584 1016 2656 iungi3
1035 2585 1083 2638 sub

293 2687 424 2759 disciplina
435 2693 504 2741 amat
515 2688 603 2753 teneri,
613 2706 661 2744 nee
672 2689 748 2744 alicui
758 2689 828 2761 eupit
840 2689 970 2756 dominari,
981 2690 1026 2745 sed
1035 2691 1083 2746 sub

293 2794 355 2852 mo
367 2811 466 2864 semper
476 2792 568 2857 vivere,
579 2795 653 2858 stare,
664 2798 691 2848 et
702 2811 757 2850 esse
768 2814 775 2860 ;
793 2798 869 2865 atque
881 2801 985 2867 propter
996 2796 1083 2851 Deum

295 2897 362 2952 mnni
373 2897 488 2952 humente
500 2899 622 2952 creaturae
632 2897 762 2954 hunriliter
773 2903 861 2970 parete
875 2903 914 2954 est
926 2901 1046 2956 inclinem.

329 3005 354 3057 4.
374 3003 389 3034 “
396 3002 498 3057 Natura
508 3020 555 3074 pro
565 3020 611 3056 suo
619 3002 751 3058 eommodo
759 3003 864 3070 laborat,
873 3009 899 3060 et
909 3005 971 3076 quid
978 3005 1042 3061 lueri
1052 3025 1084 3061 er

296 3108 344 3163 eiio
362 3108 411 3164 sibi
427 3108 566 3179 proveniat,
585 3108 694 3163 attendit
703 3131 711 3175 3
736 3109 825 3164 Gratia
842 3114 935 3175 autem,
954 3129 1005 3167 non
1022 3112 1084 3182 quid
