2546 3842
295 427 340 476 118
552 424 602 474 DE
620 423 835 472 IMITATIONE

292 554 441 627 patientiam
453 553 569 622 disceres,
577 558 603 610 et
612 553 763 626 temporales
772 553 885 608 miserias
894 570 946 608 nou
954 551 1085 624 indignan-

292 663 333 714 ter
344 659 431 715 ferres.
466 660 536 715 Nam
548 659 579 715 ab
590 659 654 715 hora
665 664 736 714 ortus
749 659 897 731 Maiusque
909 658 941 713 ad
952 659 1049 713 exitum
1059 659 1085 713 iu

292 784 366 822 oruoe
381 783 433 836 non
448 765 530 820 desiuit
545 765 613 820 Mihi
627 764 762 820 tolerantia
782 765 889 820 doloris:
914 769 941 819 at
958 764 1085 820 defectum

248 871 250 876 '
291 890 376 927 rerum
387 871 565 942 temporalium
575 889 696 943 magnum
707 870 786 926 habui
792 893 799 937 ;
812 870 905 926 multas
917 870 1085 941 querimonias

292 977 323 1034 de
346 976 393 1032 Me
416 976 562 1047 frequenter
585 975 686 1042 audivi3
717 976 877 1034 confusiones
902 979 928 1031 et
951 975 1085 1048 opprobria

292 1081 399 1152 benigne
418 1080 543 1148 sustinuip
560 1098 607 1152 pro
618 1080 750 1136 benefieiis
768 1081 978 1152 iugratitudinem
993 1081 1084 1152 recepi,

292 1205 338 1257 pro
347 1185 474 1241 miraculis
485 1185 661 1258 blasphemias,
669 1205 716 1258 pro
725 1186 841 1242 doctrina
851 1187 1084 1258 reprehensiones.''

327 1295 352 1348 2.
371 1293 494 1359 Douma,
506 1293 567 1364 quia
577 1293 618 1346 Tu
628 1293 727 1364 patiens
739 1292 813 1348 fuisti
823 1293 851 1348 iu
862 1294 916 1348 vita
927 1295 989 1359 Tua,
999 1292 1026 1347 in
1037 1291 1084 1348 hoe

293 1398 400 1454 maxima
417 1397 545 1470 implendo
565 1403 720 1470 praeceptum
743 1399 829 1454 Patria
847 1399 902 1465 Tui,
922 1398 1027 1471 dignum
1045 1404 1084 1453 est
1132 1452 1134 1461 ,

292 1513 323 1564 ut
341 1526 389 1581 ego
406 1508 519 1564 misellus
536 1513 655 1579 peccator
673 1508 812 1564 seeundum
829 1509 988 1565 voluntatem
1006 1510 1086 1563 Tuam
1132 1480 1134 1503 ¹

293 1621 419 1692 patienter
436 1637 477 1674 me
494 1619 641 1685 sustineam,
660 1623 687 1674 et
710 1618 790 1675 donea
807 1619 868 1690 Ipse
885 1618 1002 1685 volueris,
1021 1637 1085 1675 onus

293 1725 463 1797 corruptibilia
483 1725 543 1781 vita
563 1743 610 1798 pro
631 1725 713 1781 salute
728 1744 785 1780 maa
804 1729 911 1796 portem.
947 1726 1017 1781 Nam
1037 1727 1085 1781 etsi
1133 1748 1135 1793 ;

292 1851 399 1888 onerosa
413 1833 523 1888 sentitur
537 1851 649 1906 presens
665 1833 725 1899 vita,
741 1833 809 1888 faeta
820 1836 860 1888 est
878 1835 964 1888 tamen
974 1833 1027 1905 jam
1041 1851 1087 1904 per

292 1939 400 2012 gratim
418 1940 499 1994 'liram
516 1939 588 1995 valde
605 1939 741 2005 meritoria,
761 1925 838 2010 atque
850 1938 964 2011 exemplo
983 1940 1039 1994 luo
1059 1945 1086 1993 et

294 2050 445 2106 Sanctorum
473 2049 587 2104 luorum
609 2048 858 2130 vestigimiufirmis
880 2047 1034 2104 tolerabilior
1060 2053 1086 2103 et

293 2155 383 2210 clarior
390 2177 398 2222 3
418 2145 462 2210 seul
478 2157 504 2209 et
517 2154 598 2210 multo
614 2155 695 2226 magis
716 2153 883 2239 consolatoria
899 2173 974 2238 quam
989 2155 1049 2211 olim
1060 2155 1087 2210 in

293 2265 349 2336 lege
360 2263 442 2320 veteri
452 2264 543 2329 fuerat,
556 2281 615 2319 eum
625 2267 701 2334 porta
712 2262 768 2318 eoeli
779 2263 864 2318 elarrsa
878 2264 1041 2335 persisteret3
1060 2271 1086 2319 et

293 2370 423 2426 obscurior
442 2369 519 2425 etiam
538 2370 581 2425 via
598 2369 631 2424 ad
649 2369 741 2425 eoelum
755 2368 896 2435 videbatur,
914 2369 1014 2441 quaudo
1033 2374 1087 2426 tam

294 2476 368 2545 panai
383 2490 490 2546 reguum
507 2474 627 2529 ooelorum
645 2492 757 2545 quarere
773 2473 902 2529 curabant.
940 2474 991 2530 Sed
1005 2494 1086 2547 neque

293 2582 338 2652 qui
349 2585 411 2636 tuno
427 2581 493 2652 justi
503 2587 578 2636 erant
592 2584 619 2636 et
636 2579 757 2646 salvandi,
776 2583 835 2634 ante
852 2580 994 2650 passionem
1007 2581 1087 2636 'liram

293 2691 320 2741 et
332 2704 409 2741 soora
425 2685 514 2740 mortis
534 2684 655 2751 debitum,
668 2685 770 2741 ooeleste
787 2704 895 2758 regnum
913 2689 1032 2758 poteraut
1049 2685 1087 2740 in·

293 2791 380 2846 troire.

329 2902 353 2954 3.
372 2898 517 2969 Oquuntas
533 2897 591 2954 'libi
607 2897 703 2970 gratias
720 2901 809 2954 teneor
825 2900 928 2980 referre,
941 2900 1010 2971 quod
1021 2901 1087 2956 viam

294 3009 388 3062 rectam
406 3009 433 3061 et
449 3004 542 3060 bonam
559 3003 679 3075 dignatus
695 3021 722 3058 es
738 3003 800 3058 mihi
815 3008 842 3059 et
856 3005 955 3061 eunetis
972 3003 1087 3060 fidelibus

241 3119 243 3200 l
294 3112 326 3196 ud
343 3116 466 3170 aternum
485 3129 593 3184 reguum
607 3111 691 3165 Tuum
706 3109 854 3192 ostendere!
873 3110 942 3166 Nam
956 3111 1010 3166 vita
1025 3111 1087 3178 Tua,

215 3145 1157 3350 sW--zss
1252 3334 1255 3340 .
