2546 3842
291 495 337 541 142
547 489 595 538 DE
613 487 829 538 IMITATIONE

289 625 349 698 quio
359 641 437 696 prope
449 641 513 689 sum,
527 623 588 679 dicit
600 624 739 688 Domus,
752 625 784 676 ut
794 623 934 676 restaurem
946 619 1072 684 universa,

288 747 340 785 uon
354 729 436 784 solum
453 729 560 801 integre,
576 728 621 786 eed
634 733 661 784 et
678 727 836 784 abundanter
849 744 879 782 ae
895 725 1030 781 cumulate,

324 838 348 890 2.
368 835 524 907 “Numquid
534 836 602 891 Mihi
614 834 749 906 quidquam
762 834 860 890 difficile
872 838 919 900 est,
932 838 977 888 aut
989 833 1078 888 similis

289 958 332 996 ero
352 941 447 996 dioenti
463 949 490 996 et
507 958 559 996 non
577 939 699 996 facienti?
735 940 789 996 Ubi
806 944 846 996 est
863 939 925 995 fides
941 941 1007 995 tuat
1032 940 1077 994 sta

289 1046 394 1102 firmiter
406 1050 433 1102 et
444 1050 641 1118 perseveranter.
659 1046 724 1101 Esto
735 1045 884 1118 longanimis
897 1049 923 1100 et
935 1046 974 1100 vir
985 1045 1075 1111 fortis3

288 1153 373 1206 veniet
390 1151 438 1207 tibi
455 1152 592 1207 consolatio
609 1151 636 1207 in
659 1155 773 1222 tempore
793 1169 847 1206 suo.
884 1151 999 1222 Expecta
1022 1151 1075 1216 Me,

245 1285 247 1299 ι
289 1260 410 1328 expecta:
437 1257 536 1313 venium
559 1259 586 1312 et
603 1255 696 1311 curabo
710 1259 745 1310 te.
780 1255 899 1311 Tentotio
915 1261 1033 1327 estque
1051 1261 1077 1311 te

288 1365 384 1428 vexat3
405 1365 432 1418 et
443 1361 549 1417 formido
559 1379 630 1426 vana,
640 1364 729 1432 quiete
739 1364 858 1416 exterret.
877 1361 948 1421 Quid
956 1362 1077 1432 importat

290 1467 432 1522 sollicitudo
448 1467 587 1523 defuturis
605 1465 818 1538 contingentibus,
835 1467 886 1521 nisi
902 1471 932 1522 ut
946 1467 1077 1522 tristitiem

290 1591 366 1643 super
376 1572 507 1628 tuintitimn
518 1572 630 1628 habeas?
642 1573 737 1642 Seffoit
753 1574 805 1627 diei
815 1575 913 1626 taetitia
924 1572 992 1627 omi.
1027 1572 1077 1625 Va-

289 1697 350 1733 num
357 1680 397 1732 est
406 1682 432 1732 et
440 1677 530 1732 inutile
538 1676 569 1732 de
578 1677 672 1732 futuris
680 1676 825 1732 oonturbari
832 1676 873 1731 vel
881 1677 1009 1747 gratulari,
1020 1695 1076 1748 quae

289 1784 356 1839 forte
372 1801 501 1854 nunquam
517 1785 641 1839 evenient.

313 1892 336 1944 3.
351 1889 418 1945 “Sed
426 1890 564 1944 humanum
571 1896 611 1944 est
617 1889 762 1960 hujusmodi
769 1888 989 1961 imaginationibus
997 1889 1074 1954 illudi,

289 2000 316 2050 et
323 1995 394 2067 parvi
401 1995 482 2050 adhue
494 1995 570 2050 animi
582 1995 682 2066 signum
689 1998 742 2050 tam
753 1995 844 2050 leviter
855 1994 923 2049 trahi
931 1994 964 2049 ad
972 2013 1075 2066 sugges·

289 2102 385 2156 tionem
401 2100 503 2156 inimici.
538 2101 598 2171 Ipse
616 2101 683 2156 enim
699 2120 751 2156 non
768 2104 848 2166 ourot,
861 2103 948 2155 uiuum
959 2101 1026 2156 uenis
1043 2119 1076 2155 an

290 2205 359 2260 falsis
371 2205 461 2260 illudat
473 2208 499 2260 et
511 2204 620 2276 decipiat
628 2228 636 2272 ;
655 2209 742 2260 utrum
759 2206 923 2277 presentium
940 2223 1024 2262 amore
1042 2225 1075 2261 an

290 2312 433 2366 futurorum
459 2310 591 2366 formidine
608 2315 759 2382 prosternat.
806 2314 864 2366 Non
887 2331 943 2383 erqo
967 2314 1077 2366 turbetur

290 2435 331 2470 eor
342 2422 415 2486 tuoto,
425 2437 499 2488 neque
505 2420 629 2488 formidet.
657 2419 730 2473 Crede
739 2421 765 2472 in
777 2419 827 2483 Me,
837 2423 862 2472 et
873 2421 900 2472 in
912 2421 1078 2474 misericordia

289 2525 349 2578 Mea
361 2521 445 2578 iubeto
454 2525 592 2594 Mummi
629 2522 738 2583 Quando
749 2527 780 2578 tu
797 2527 872 2595 putee
888 2527 916 2580 te
932 2524 1077 2596 elongatum

290 2627 381 2693 aMe,
406 2647 471 2699 soepe
494 2646 551 2683 sum
573 2629 743 2701 propinquior.
779 2629 888 2690 Quando
912 2634 943 2686 tu
966 2632 1075 2686 aestimas

289 2751 361 2804 paene
369 2736 453 2788 totum
464 2733 598 2805 perditum,
611 2737 674 2790 tuno
686 2753 752 2806 saepe
763 2736 844 2806 majus
862 2737 976 2792 merendi
995 2736 1075 2793 instat

290 2840 396 2895 luorum,
431 2839 493 2895 Nou
508 2843 548 2895 est
563 2843 647 2895 totum
661 2841 795 2912 perditum,
814 2844 913 2913 quando
928 2862 968 2898 res
985 2843 1076 2900 oceidit

288 2947 316 3001 in
325 2945 485 3002 eontrarium.
520 2945 582 3001 Non
594 2945 669 3001 debes
682 2945 796 3019 judicare
810 2951 949 3004 seeundum
965 2968 1076 3021 praesens

290 3053 390 3117 sentire,
409 3069 455 3106 nee
473 3053 510 3107 sio
532 3053 652 3123 gravitati
670 3053 744 3108 oiioui
767 3054 942 3126 undecumque
965 3055 1076 3111 veiienti
1161 3063 1163 3067 ’

313 3202 323 3230 ¹
333 3205 352 3244 S.
361 3205 409 3244 Mat.
420 3205 446 3243 vi.
458 3205 487 3244 34.
612 3205 618 3232 ¹
628 3207 647 3244 S.
656 3207 702 3244 Joh.
712 3206 754 3244 xiv.
765 3206 782 3253 l,
792 3205 828 3253 27;
843 3207 876 3245 Po.
886 3207 921 3245 xii
933 3207 950 3247 d
962 3207 1013 3246 cxiii.
1024 3208 1049 3249 d.)

408 3335 414 3340 -
427 3335 437 3341 -.
451 3332 1012 3343 -m——ffl—..n—-affl
