2528 3850
438 445 583 495 cnnrsrr
601 446 719 511 ruci.
930 451 974 498 221
1077 440 1080 446 '

114 630 115 634 ,
181 599 257 652 quam
274 581 419 652 speciosum
436 585 463 637 et
480 582 589 639 nobilem
607 583 768 655 amplectitur
785 583 910 655 Sponsum
925 601 977 655 prae
1037 577 1039 582 ’

181 685 296 742 omnibus
306 685 412 755 dilectis,
422 690 534 760 et'super
545 689 629 744 omnia
639 687 814 744 desiderabilia
825 687 975 744 amandum!

186 793 281 847 Sileant
294 811 309 847 a
320 792 384 848 facie
396 793 459 862 uua,
471 794 614 850 dulcissime
632 795 732 852 Dilecta
748 813 828 861 meuc,
849 795 939 850 coelum
951 798 977 852 ct

183 901 259 968 terra,
269 902 295 954 et
304 899 385 955 omnis
395 903 499 956 ornatus
509 919 596 956 eorum
603 924 611 968 ;
629 901 754 972 quoniam,
765 901 887 979 quidquid
894 901 977 958 laudis

182 1003 277 1060 hebent
289 1022 319 1060 aa
331 1005 437 1072 decoris,
450 1025 482 1062 ex
494 1005 639 1077 dignatione
650 1002 712 1062 Tum
730 1010 769 1063 cst
783 1007 917 1078 largitatis,
929 1025 977 1064 nec

182 1109 216 1164 ad
240 1109 355 1164 decorem
379 1111 428 1166 nui
445 1111 593 1183 pervenient
613 1112 729 1178 nominis,
750 1114 827 1184 Ocjuc
849 1115 977 1183 capientia

95 1231 97 1234 ·
180 1233 227 1270 non
239 1221 430 1272 crearemur.

491 1443 665 1480 m

480 1679 600 1735 CAPUT
627 1679 676 1735 IV.

179 1890 253 1932 QUOD
278 1889 373 1929 MULTA
396 1890 469 1929 BONA
492 1889 678 1930 PRAESTANTUR
700 1890 808 1930 DEVOTB
833 1891 974 1932 comm·

504 1984 648 2024 camum

213 2163 238 2215 1.
257 2161 371 2216 Dcrnnrn
392 2160 471 2216 Dnua
490 2179 570 2228 maus,
586 2164 697 2232 prccceni
719 2178 821 2216 cervum
843 2161 927 2218 Tuum
946 2165 973 2217 ic

178 2269 389 2322 bmdictionibua
398 2269 539 2324 dulcedinis
546 2270 673 2334 Tucc¹‚ut
683 2269 805 2324 adituum
812 2269 973 2340 magnificum

179 2373 369 2429 Sacramentum
381 2375 457 2446 digne
469 2393 499 2430 ac
511 2374 602 2430 devote
613 2391 711 2428 merear
719 2374 844 2430 accedere.
880 2375 973 2430 Ereita

178 2499 222 2536 cor
233 2498 318 2536 meum
329 2482 357 2536 in
367 2483 411 2547 Te,
431 2485 457 2537 et
476 2499 492 2536 a
508 2481 581 2554 gravi
597 2486 701 2551 torpore
718 2498 783 2536 exue
800 2498 848 2536 me.
891 2481 972 2536 Visite

177 2603 217 2640 me
226 2587 257 2640 ic
265 2587 379 2640 arctae
389 2587 466 2653 reor,
477 2585 509 2640 ad
520 2583 675 2656 gustandum
683 2584 711 2638 in
719 2585 811 2656 spiritu
820 2585 972 2640 suavitatem

177 2691 266 2756 Tuam,
280 2709 336 2761 quea
347 2691 375 2746 in
386 2691 435 2746 hoe
445 2691 607 2746 Sacramenta
615 2691 736 2760 tanquam
744 2691 772 2746 in
780 2690 852 2746 fonte
860 2690 971 2762 plenarie

176 2795 247 2851 latet.
284 2796 405 2851 Hlnmina
416 2813 516 2868 quoque
527 2795 613 2852 oculos
625 2813 695 2851 meos
707 2794 741 2850 nd
750 2795 901 2852 intuendum
916 2799 971 2850 ten-

176 2905 232 2956 tum
252 2902 409 2972 mysterium,
428 2902 499 2958 etad
516 2901 669 2957 credendum
683 2901 747 2958 illud
763 2900 906 2958 indubitata
921 2899 971 2955 fide

175 3027 216 3063 me
228 3008 326 3064 robora,
362 3009 411 3066 Est
424 3008 490 3064 enim
500 3008 613 3080 operatio
625 3009 687 3078 Tua
698 3027 750 3064 non
760 3009 870 3062 humana
881 3009 970 3077 poten·

194 3149 204 3168 ¹¹
218 3141 447 3182 recurrendum.
499 3143 550 3180 ¹Pa
561 3140 726 3186 natiuit.)
776 3141 867 3178 rheu.
880 3135 966 3186 (crida.
