2524 3844
468 371 869 390 ·-—⁴·-·—--—---...............

464 480 609 529 CHRISTI
633 479 653 529 1.
667 483 706 530 22.
948 481 979 528 89

136 616 138 644 ¹
187 619 287 675 afflictio
303 618 400 674 homini
417 617 517 685 devoto,
533 617 578 689 qui
594 617 703 674 libenter
720 620 788 674 essct
806 602 937 674 absolutus
955 621 981 674 et

186 725 250 781 liber
258 725 290 780 ab
299 724 369 780 omni
379 727 492 796 peceato.

222 838 246 891 3.
264 836 347 892 Valde
361 837 428 893 enim
444 840 564 910 gravatur
576 838 682 894 interior
695 839 773 896 homo
787 839 982 896 necessitanbus

186 944 358 1016 corporalibus
376 945 404 1000 in
425 946 475 1002 hoc
498 945 601 1002 mundo.
638 946 715 1002 Unde
737 947 869 1019 Propheta
891 947 982 1004 devote

185 1057 260 1125 rogat
277 1056 403 1124 quatenus
420 1053 485 1108 hter
502 1053 534 1109 ab
551 1053 609 1108 istis
627 1072 683 1109 esse
704 1029 796 1119 valcat,
815 1053 916 1110 dicens:
943 1056 983 1110 Dc

185 1164 370 1216 maceracius
392 1163 451 1216 mest
473 1180 531 1216 mac
553 1180 597 1226 mc,
615 1160 732 1215 Dounon
740 1169 758 1215 ¹,
795 1159 846 1215 Sed
868 1178 908 1215 ru
930 1177 982 1215 non

185 1268 397 1341 cognoscentibus
409 1286 483 1324 snam
493 1267 621 1324 miseriam
627 1289 635 1334 ;
654 1266 801 1338 etamplius
815 1285 855 1322 vc
869 1266 928 1332 illis,
938 1267 982 1338 qui

185 1376 295 1449 diligunt
301 1377 367 1432 hanc
378 1375 496 1432 miseram
512 1379 539 1430 et
551 1373 741 1446 corrnptssilem
751 1374 838 1430 vitam.
874 1372 944 1428 Nam
954 1372 983 1428 in
1031 1390 1033 1413 ¹

184 1486 286 1538 tanturn
293 1483 468 1554 quidamhauc
475 1481 672 1554 amplectuntur,
684 1480 755 1551 (licet
761 1480 888 1536 etiamvix
896 1498 981 1537 neccs-

185 1590 252 1646 saria
261 1588 398 1646 laborando
411 1593 456 1646 ant
467 1587 632 1676 mendicando
643 1587 774 1657 habeant)
786 1591 826 1653 nt,
838 1587 862 1643 si
876 1591 981 1660 possent

183 1699 226 1756 hic
237 1717 337 1771 semper
347 1699 440 1765 vivere,
453 1698 485 1754 dc
495 1716 576 1771 regno
587 1699 644 1754 Dar
655 1697 719 1752 nihil
730 1700 856 1753 curarent.

219 1807 244 1859 4.
263 1803 382 1860 Oinsani
399 1808 427 1861 ct
444 1803 558 1860 infideles
576 1803 660 1869 corde,
676 1802 720 1875 qui
739 1806 793 1858 tam
810 1801 936 1874 profunde
953 1803 981 1858 in

183 1914 292 1970 terrens
301 1914 394 1986 jacent,
407 1918 438 1969 ut
449 1914 513 1970 nihil
527 1912 577 1969 nisi
592 1914 703 1969 carnotis
717 1913 831 1985 sapiant!
869 1912 920 1968 Sed
934 1913 980 1968 mi·

183 2020 234 2076 seri
246 2019 328 2076 adhuc
339 2019 423 2075 infine
435 2021 548 2093 graviter
559 2021 671 2076 sentient
683 2039 759 2092 qnam
770 2020 820 2076 vile
832 2023 858 2075 et
872 2005 980 2075 nihilum

134 2144 136 2153 ·
182 2131 238 2184 erat
250 2127 319 2200 quod
330 2131 486 2184 amavuunt.
517 2129 606 2184 Sancti
619 2132 705 2184 autam
722 2129 779 2184 Dn1
794 2130 821 2182 et
837 2145 924 2183 omnes
936 2127 980 2184 de-

181 2235 237 2292 voti
252 2236 326 2292 amici
340 2235 457 2292 Onalsn1
472 2254 525 2290 non
539 2234 703 2291 attenderunt
721 2253 777 2307 quae
793 2235 863 2290 carni
878 2233 979 2307 placue-

180 2347 251 2411 runt,
262 2363 311 2400 nec
325 2363 382 2416 qnae
393 2344 422 2400 in
431 2344 482 2399 hoo
496 2345 612 2414 tempore
626 2343 775 2406 floruerunt,
791 2339 837 2396 sed
849 2343 907 2395 tota
920 2341 978 2412 spes

181 2469 270 2507 eorum
281 2453 308 2506 et
318 2449 428 2506 intentio
440 2449 473 2504 ad
484 2452 580 2504 aeterna
589 2447 657 2504 bona
668 2445 808 2502 anhelabat.
838 2445 979 2502 Ferebatur

180 2563 267 2616 totum
281 2558 435 2614 desiderium
452 2577 541 2614 eornm
554 2577 657 2614 sursum
672 2557 705 2612 ad
717 2575 837 2612 mansma
850 2559 877 2613 et
892 2556 979 2613 inrisi-

120 2726 122 2728 .
180 2670 248 2736 bilia
260 2688 294 2725 ne
305 2687 390 2726 amore
400 2669 539 2726 usssuilium
549 2669 712 2725 traherentur
723 2668 757 2724 od
766 2665 859 2724 intima

217 2781 242 2834 5.
259 2776 330 2843 Noli,
348 2776 436 2843 frater,
453 2777 571 2834 amittere
586 2777 765 2833 confidentiam
781 2775 929 2849 proficiendi
945 2775 977 2832 ad
1034 2779 1039 2786 '

181 2883 336 2956 spiritualia:
355 2883 438 2940 adhuc
453 2883 531 2940 habes
548 2888 650 2957 tempus
667 2889 693 2941 et
709 2885 805 2940 horam.
836 2885 976 2946 Quereris

179 2990 367 3061 procrastinare
384 2991 544 3064 propositum
558 2994 655 3048 tuum?
680 2993 770 3066 Surge,
783 2997 810 3050 ct
825 2993 853 3050 in
867 2992 976 3049 instanti

465 3201 519 3241 Ῥω.
528 3203 588 3242 xxiv.
598 3205 665 3248 (xxv.)
675 3201 708 3245 17.
