2528 3850
440 397 584 446 CHRISTI
601 395 653 446 111.
671 397 710 456 50,
727 397 766 445 tl.
954 397 999 444 185

206 533 303 598 sistere,
320 531 366 587 sed
380 549 484 588 neeesse
497 531 575 587 habes
591 529 720 587 interdum
735 527 768 584 ob
785 527 933 602 odginalem
947 545 1000 585 enr-

205 637 330 710 rnptelam
342 637 374 693 ad
387 637 508 693 interiora
524 637 684 704 descendere,
701 639 728 692 et
744 654 809 691 onus
825 633 997 707 eorrnptibilis

204 741 264 796 vitm
288 743 365 798 etiam
387 742 468 798 invite
491 744 518 798 et
541 759 601 798 cum
623 741 700 797 taedio
722 744 832 813 portare.
868 739 999 801 Quamdiu

204 847 310 902 mortale
319 865 410 919 eorpus
422 847 497 920 geris,
506 846 611 903 taedimn
623 847 717 902 senties
725 851 752 903 et
761 865 898 920 gravamen
904 846 995 902 eordis.

204 951 314 1022 Oportet
325 971 386 1025 ergo
398 971 464 1024 saepe
475 953 504 1008 in
514 971 590 1009 earne
608 953 640 1009 de
654 954 736 1010 earnis
752 971 829 1008 onere
844 970 953 1025 gemere,
966 971 997 1009 eo

205 1057 273 1129 quod
283 1077 336 1113 non
350 1058 418 1114 vales
437 1059 610 1130 spiritualibus
625 1059 716 1115 studiis
732 1062 759 1115 et
778 1059 869 1115 divina
886 1063 998 1115 eontem‘

203 1163 309 1233 plationi
320 1163 492 1220 indesinenter
502 1164 632 1221 inhaerere.

239 1270 263 1325 a.
282 1269 376 1325 “Tune
392 1269 494 1341 expedit
511 1269 561 1326 tibi
578 1250 610 1325 ad
626 1268 732 1326 humilia
742 1272 769 1327 et
781 1270 908 1328 exteriora
919 1291 996 1345 opera

203 1371 347 1444 coningere,
366 1375 392 1427 et
409 1372 437 1428 in
453 1372 527 1442 bonis
545 1373 644 1430 actibus
661 1378 689 1432 te
708 1393 840 1443 meream
858 1377 994 1435 adventum

202 1479 292 1534 Meum
309 1482 336 1534 et
353 1497 488 1551 supernam
505 1480 676 1537 visitationem
693 1483 766 1538 firma
782 1483 935 1540 eonfidentin
952 1504 994 1542 ex-

201 1589 310 1658 pectare,
329 1586 433 1643 exilium
449 1591 525 1644 tunm
545 1590 572 1644 et
592 1589 737 1646 ariditatem
754 1591 847 1647 mentis
866 1591 992 1663 patienter

201 1691 314 1757 sufferre,
332 1690 412 1748 donee
427 1693 522 1749 iternm
544 1711 560 1748 a
578 1694 623 1749 Ma
645 1693 763 1764 visiteris,
782 1698 809 1751 et
827 1694 859 1750 ab
876 1695 993 1752 ommtns

200 1795 369 1852 anxietatibus
381 1795 501 1854 libereris.
529 1797 599 1854 Nam
607 1796 698 1852 faciam
709 1798 737 1852 ts
747 1795 862 1852 laborum
871 1795 992 1865 oblivisei,

200 1905 226 1958 et
243 1903 344 1958 intema
361 1902 446 1975 quiete
463 1903 568 1975 perfrui.
604 1902 754 1975 Expandam
771 1917 857 1958 eoram
873 1903 901 1957 te
918 1905 994 1971 prata
1102 1949 1106 1958 .

200 2010 395 2082 Senipturarnm,
405 2013 445 2065 'nt
465 2009 571 2066 dilatato
589 2009 665 2066 eorde
682 2027 784 2066 ennena
806 2009 912 2081 incipias
929 2009 996 2064 viam

198 2119 375 2176 mandatorum
392 2120 518 2176 Meornm.
542 2119 578 2176 nt
596 2119 673 2190 dines,
692 2123 765 2176 ‘Noa
788 2125 847 2176 eant
869 2121 996 2194 coadtynoe

198 2229 403 2298 nmaienestujm
415 2229 528 2299 temneret
541 2229 697 2300 adjuturam
710 2229 818 2301 ylarius»
835 2229 992 2300 Μνησω-

197 2333 265 2390 ditur
275 2337 304 2390 ia
319 2333 418 2390 noeti?
427 2333 445 2360 '³

504 2523 517 2558 1
532 2515 590 2554 Rom.
600 2516 685 2558 mnia
