2546 3842
418 463 731 524 cHR18n1111.12,1a
927 465 973 513 roo
1080 435 1109 508 f

182 607 253 660 aret.
289 603 417 658 Delectare
443 601 471 656 ἐκ
493 601 617 667 Donec,
641 600 975 671 etsemetipsum

182 709 263 765 cordis
275 711 314 764 tue·
320 718 340 764 ¹¹.

219 818 243 870 5.
262 814 389 870 “Etenim
401 815 423 870 si
433 814 558 871 veraciter
569 815 608 872 vis
627 814 754 884 delectari,
767 818 795 870 et
805 811 976 870 abundantius

184 939 200 975 a
211 921 256 978 Me
268 921 398 987 consolari,
409 939 468 977 ecoe
479 921 507 976 in
515 925 665 994 contemptu
673 921 785 978 omnium
793 919 976 976 mundanorum

184 1029 211 1080 et
222 1025 251 1081 in
262 1025 415 1082 abscissione
427 1027 539 1083 omnium
550 1027 705 1084 infirmarum
721 1028 917 1086 delectationum
929 1028 978 1084 erit

185 1130 328 1187 benedictio
338 1136 391 1198 tus,
405 1136 432 1188 et
444 1133 546 1206 copiosa
557 1133 606 1190 tibi
622 1134 744 1191 reddetin
761 1133 907 1192 consolatio.
943 1133 979 1189 Et

186 1242 281 1309 quanto
292 1240 320 1293 te
331 1238 389 1310 plus
401 1238 432 1294 ab
445 1240 514 1295 omni
525 1245 699 1296 creaturarum
710 1240 801 1296 solatio
813 1239 978 1306 subtraxeris,

186 1350 259 1401 tento
270 1345 298 1400 in
308 1345 355 1402 Me
367 1347 495 1402 sereniores
508 1349 535 1402 et
546 1347 704 1420 potentiores
716 1347 900 1404 consolationes
911 1346 980 1408 inve,-

186 1456 248 1510 nies.
286 1455 336 1511 Sed
356 1456 438 1528 primo
457 1475 510 1512 non
528 1457 583 1513 sine
604 1456 712 1528 quadem
728 1457 836 1513 tristitia
852 1461 879 1512 et
896 1455 981 1512 labore

187 1562 331 1618 certaminis
349 1563 382 1618 ad
397 1563 443 1618 bas
459 1564 598 1644 pertinges.
642 1564 759 1621 Obsistet
772 1565 862 1622 inolita
879 1582 982 1621 consue-

186 1669 260 1736 tudo,
286 1669 333 1726 sed
355 1670 453 1726 meliori
474 1671 658 1728 consuetudine
680 1671 835 1730 devincetur.
871 1673 981 1728 Remurr

188 1773 298 1830 mutabit
307 1791 374 1842 caro,·
384 1775 430 1832 sed
438 1776 538 1832 fervore
546 1776 652 1848 spiritus
661 1776 811 1833 frenabitur.
843 1776 982 1850 Instigabit
1036 1769 1037 1772 ¹

189 1891 216 1942 et
230 1887 391 1944 exacerbabit
408 1893 435 1944 te
447 1908 550 1962 serpens
563 1889 690 1963 antiquus,
704 1889 750 1946 sed
761 1890 875 1946 oratione
886 1889 983 1962 fugabi-

189 2001 248 2065 tur;
261 1999 364 2071 insuper
371 2003 398 2055 et
406 1999 492 2056 labore
500 2000 560 2055 utili
566 1999 651 2055 editus
660 2001 685 2056 ei
693 2018 801 2072 magnus
809 1999 980 2057 obstruens:

493 2231 668 2294 Q&

473 2420 591 2477 CAPUT
618 2421 698 2478 XIII.

211 2598 247 2636 DE
261 2597 431 2638 OBEDOENTIA
443 2598 561 2637 numus
573 2598 684 2637 SUBDITI
695 2599 732 2636 AD
744 2595 897 2637 murense
908 2595 972 2634 JESU

532 2693 650 2732 cmusss.

232 2847 257 2904 1.
275 2848 293 2876 “
300 2845 357 2912 Fili,
371 2844 416 2918 qni
427 2864 455 2901 se
464 2843 613 2901 subtrahere
624 2843 717 2900 nititur
729 2841 760 2899 ab
772 2838 922 2906 obedientia,
934 2837 989 2912 ipse

197 2972 225 3010 ae
240 2954 370 3011 subtrahit
386 2972 403 3008 a
418 2953 521 3026 gratia3
540 2955 567 3006 et
590 2951 636 3022 qui
658 2950 748 3022 querit
767 2949 859 3004 habers
881 2945 988 3020 privata

198 3063 292 3118 amittit
316 3062 465 3118 communie.
501 3059 556 3120 Qui
577 3077 631 3114 non
650 3057 758 3114 libenter
781 3061 808 3111 et
831 3058 922 3127 sponte
942 3071 989 3108 sno

272 3198 349 3238 ‘seen
360 3197 419 3237 xrill.
429 3196 460 3237 80.
640 3191 693 3231 'Pa
703 3190 778 3229 xxxvl.
789 3186 915 3232 (xxxvttrt.
971 3186 975 3196 '
