2524 3844
312 439 360 488 DE
380 439 597 490 IMITATIONE
617 441 761 490 CHRISTI
780 441 855 491 11.1.
946 443 978 490 bo

185 564 253 628 euim
270 571 348 627 dicit:
366 573 397 628 Si
410 573 467 644 quie
484 574 570 644 desipit
585 573 637 638 Me,
655 590 785 627 rumorem
800 574 883 626 Meum
898 589 980 626 eroa-

185 681 229 743 bio,
248 683 273 732 et
290 679 326 734 od
341 697 393 732 urm
410 679 539 743 venereos,
551 681 576 732 et
592 680 741 734 mansionem
757 680 830 749 opud
846 695 898 732 eom
909 680 979 748 soci·

184 791 269 838 emtor&
304 784 347 838 Da
369 801 430 855 ergo
454 783 577 839 Gnlsuo
594 783 686 850 looum,
705 787 732 838 et
751 783 842 839 ceteris
863 783 979 839 omnibus

184 908 251 962 nego
265 889 405 944 introitum.
441 888 508 944 Cum
520 888 668 944 Gnulsumr
679 886 805 954 habueris,
818 887 888 943 dives
904 906 939 953 es,
952 891 979 944 et

184 995 277 1050 suffieit
288 994 344 1050 tibi.
363 993 424 1065 Ipse
435 993 484 1049 erit
493 994 608 1064 provisor
618 997 680 1050 tuus
692 997 719 1049 et
730 993 811 1049 fidelis
829 997 979 1066 procurator

184 1103 212 1158 iu
235 1100 360 1166 omnibus,
383 1104 414 1155 ut
437 1099 546 1155 nonsit
569 1117 633 1171 opus
656 1100 684 1155 in
705 1099 849 1156 hominibus
869 1118 978 1172 sperare.

161 1277 166 1284 ι
184 1207 311 1262 Homines
328 1206 396 1260 euim
418 1205 469 1262 eito
492 1206 632 1270 mutentur,
651 1207 678 1260 et
699 1204 818 1261 deficiunt
842 1205 977 1272 velooite13

161 1303 162 1308 ἵ
185 1312 324 1368 cromerus
341 1313 427 1366 eutem
444 1313 529 1366 monet
541 1311 569 1365 in
580 1313 710 1378 oeternum,
723 1315 750 1367 et
766 1311 850 1368 adstet
859 1330 940 1384 usque
951 1313 979 1368 in

184 1419 262 1474 finem
272 1416 387 1472 firmiter.

220 1524 244 1577 3.
260 1521 322 1578 Non
335 1525 375 1577 est
393 1538 485 1593 mogus
495 1519 587 1576 fiduoio
603 1521 720 1592 ponendo
736 1523 764 1577 in
780 1522 882 1578 bomine
894 1523 978 1596 fragili

184 1632 212 1685 et
230 1627 337 1693 mortali,
350 1627 451 1684 etiamsi
467 1627 538 1682 utilis
550 1627 584 1682 sit
596 1631 623 1683 et
634 1627 759 1695 dilectus3
776 1647 859 1701 neque
872 1630 978 1686 tristitia

184 1733 266 1790 multa
277 1752 309 1788 ex
319 1734 367 1790 hoe
376 1733 504 1806 cupiendo,
512 1734 535 1789 si
546 1733 674 1790 interdum
685 1735 833 1792 adversetur
844 1740 870 1792 et
880 1741 977 1793 oontro·

185 1843 260 1898 dicet.
297 1842 351 1902 Qui
361 1841 436 1898 hodie
449 1850 535 1898 tecum
547 1846 615 1909 sunt,
632 1859 687 1898 oros
699 1843 847 1899 oontruriari
861 1848 976 1915 possunt,

185 1952 212 2003 et
230 1967 244 2004 e
262 1967 382 2004 eonverso
405 1967 471 2021 ssepe
494 1951 525 2004 ut
545 1966 607 2003 oure
628 1951 772 2005 vertuntur.
808 1951 878 2006 Pone
896 1954 977 2008 totam

184 2054 302 2111 fiduoiom
310 2055 412 2122 inDs0,
421 2059 447 2110 et
456 2055 490 2110 sit
497 2055 558 2126 Ipse
566 2054 643 2110 timor
650 2057 711 2110 tuus
719 2058 745 2110 et
753 2073 823 2111 emor
829 2059 898 2112 tuus.
916 2056 977 2128 Ipse

185 2179 232 2232 pro
249 2164 276 2217 te
292 2160 462 2233 respondebit,
474 2164 501 2217 et
516 2161 592 2218 faciet
609 2161 681 2228 bene,
699 2162 766 2220 siout
783 2164 873 2220 meiius
890 2164 975 2221 tuerit.

185 2267 244 2320 Non
255 2268 326 2322 tabee
337 2269 378 2322 tie
388 2271 520 2324 moneotem
531 2269 676 2334 civitam
689 2272 716 2324 et
732 2269 876 2342 ubieunque
888 2271 975 2339 fueris,

185 2376 320 2429 extraneus
331 2392 359 2430 es
371 2376 398 2429 et
408 2373 564 2446 peregrinus,
575 2391 622 2430 neo
632 2373 745 2446 requiem
757 2375 891 2447 aliquando
903 2377 977 2434 hebe-

185 2481 232 2547 bis,
245 2481 295 2537 nisi
306 2481 427 2537 omero
438 2481 528 2538 intime
538 2482 618 2538 fueris
628 2483 724 2540 unitus.

221 2587 246 2641 4.
264 2585 335 2645 Quid
351 2586 393 2642 bio
407 2585 585 2659 circumspicis,
598 2607 656 2645 oum
667 2589 717 2646 iste
727 2592 824 2647 nonsit
836 2592 907 2650 loeus
923 2597 976 2650 tue

133 2691 134 2694 ’
185 2691 368 2762 requietionis?
385 2693 420 2748 In
430 2693 574 2752 eoelestibus
586 2695 662 2752 debet
673 2715 729 2754 esse
740 2697 864 2755 habitatio
881 2703 935 2768 tuo,
949 2708 976 2757 et

186 2798 253 2854 deut
264 2798 292 2854 iu
301 2799 419 2867 uesieu,
430 2804 523 2857 ounoto
532 2805 634 2859 terreus
645 2806 706 2859 suut
718 2805 868 2876 aspiciendo.
886 2806 976 2863 'trous

118 2947 124 2958 .
185 2903 641 2981 euntombettuoumeispariter.
677 2895 974 2982 Videutnoninbaeress‚

184 3025 218 3064 ne
236 3009 341 3081 capieris
359 3014 386 3068 et
402 3031 499 3084 pereas.
533 3015 611 3087 Apud
627 3015 787 3073 Altissimum
804 3019 838 3074 sit
856 3021 976 3092 oogitotio

308 3145 498 3186 ‘suouxsuos
692 3149 861 3191 aurosum

214 3301 344 3311 ——-.-
