2528 3850
293 413 339 464 180
545 417 594 466 DE
613 416 830 466 IMITATIONE

234 584 245 679 η
291 546 384 620 quippe
403 546 515 606 invenies
535 568 610 606 omne
633 552 701 623 quod
718 552 835 619 volueris,
857 571 932 610 omne
952 553 1019 625 quod
1036 553 1080 610 de·

234 655 245 800 '⁸
291 656 400 714 sidersre
420 657 523 729 poteris.
559 658 602 714 Ibi
621 657 702 716 ederit
722 659 771 716 tibi
788 661 868 716 totius
888 659 996 718 fsoultss
1019 661 1081 718 boui

234 742 245 897 's
291 767 345 822 siue
362 766 453 822 timore
471 766 612 824 emittendi.
647 768 689 824 Ibi
705 769 823 824 voluntas
837 773 891 836 tus,
909 788 961 824 uus
981 787 1082 842 semper

243 887 245 936 t
290 877 401 942 Meuium,
418 874 455 930 nil
472 874 557 946 cupiet
574 879 723 932 exusueum
738 877 779 932 vel
797 877 930 948 privatum.
966 876 1008 932 Ibi
1024 876 1082 932 nul-

290 981 330 1036 lus
350 981 453 1038 resistet
469 981 524 1048 tihi,
542 999 617 1038 nemo
636 981 667 1037 de
684 985 711 1040 te
727 985 903 1056 oouqueretor,
916 1001 990 1039 nemo
1001 982 1081 1055 impe-

291 1088 351 1154 diet,
364 1087 427 1144 nihil
441 1089 568 1156 obviabit;
587 1089 632 1145 sed
646 1093 738 1145 ounots
755 1089 897 1145 desiderato
914 1089 989 1145 simul
1005 1094 1082 1146 erunt

290 1197 432 1267 presentis,
444 1199 579 1268 totusque
594 1196 713 1252 effoetum
732 1198 807 1251 tuum
825 1195 946 1265 reficient,
961 1199 988 1252 et
1005 1195 1082 1251 edim-

243 1316 245 1376 }
290 1300 396 1371 plebemt
411 1319 493 1373 usque
509 1301 689 1358 adsummum.
725 1301 768 1357 Ibi
785 1301 890 1357 reddum
907 1300 1014 1373 gloriam
1035 1319 1083 1373 pro
1145 1326 1147 1345 ι

243 1380 246 1509 t
291 1406 444 1467 contumelio
459 1425 587 1479 perpessa,
604 1407 709 1479 podium
725 1407 806 1464 leudis
829 1425 876 1479 pro
896 1425 1011 1473 moerore,
1035 1425 1083 1478 pro

244 1512 246 1541 ¹
290 1506 346 1562 loeo
363 1506 500 1574 novissimo
517 1505 603 1562 sedem
619 1505 692 1577 regni
709 1505 737 1561 in
754 1505 853 1561 saeoulu.
889 1504 931 1562 Ibi
951 1504 1083 1577 apparebit

243 1550 246 1682 t
290 1611 390 1668 fruetus
399 1611 557 1678 obedientie,
567 1611 687 1684 gaudebit
696 1611 766 1667 lsbor
775 1609 937 1684 penitentie,
944 1614 972 1667 et
979 1610 1082 1666 humilis

244 1756 246 1835 k
291 1717 416 1790 subjectio
428 1717 590 1774 eoronabitur
601 1719 716 1790 gloriose.

235 1819 246 1938 f,
326 1829 350 1886 7.
371 1827 473 1882 “Nune
496 1844 557 1898 ergo
579 1825 673 1882 incline
695 1827 722 1881 te
744 1825 875 1882 humiliter
899 1823 947 1881 sub
970 1825 1083 1881 omnium

235 1927 247 2010 't
291 1933 424 2002 monibus3
442 1951 489 1989 neo
501 1933 535 1988 sit
546 1932 595 1988 tibi
606 1951 680 1999 oure,
689 1932 746 2004 quis
756 1933 805 1988 hoo
815 1931 955 1988 dixeritvel
960 1931 1081 2004 jusserit:

245 2063 247 2116 g
292 2041 337 2096 sed
347 2041 396 2096 hoe
407 2058 559 2113 magnopere
571 2042 666 2106 eiurato,
679 2042 718 2104 ut,
731 2039 784 2094 sive
796 2038 923 2110 prelatus,
935 2038 988 2094 sive
1000 2037 1083 2092 minor

236 2138 247 2248 'i
291 2152 336 2203 sut
354 2147 456 2219 sequsiis
474 2145 569 2218 ediquid
586 2164 602 2200 s
618 2149 645 2200 te
669 2145 811 2216 exposcerit
833 2145 874 2206 vel
896 2144 1015 2210 innuerit,
1036 2161 1083 2214 pro

236 2249 247 2364 i*
292 2256 358 2310 bono
369 2257 454 2310 totum
466 2253 581 2326 aoeipius,
593 2256 620 2309 et
632 2253 730 2314 siuoers
740 2251 872 2308 voluntate
890 2251 993 2308 studeas
1005 2250 1082 2306 edim-

246 2355 248 2445 }
292 2362 369 2433 plere.
406 2360 516 2421 unere
529 2359 593 2415 alius
610 2359 667 2425 hoo,
684 2358 748 2414 eiius
766 2357 844 2426 fflud;
862 2359 986 2430 glorietur
998 2358 1041 2414 ille
1056 2360 1083 2414 iu

246 2452 248 2553 t
293 2473 343 2539 illo,
357 2475 383 2528 et
394 2471 444 2527 iste
455 2471 483 2527 in
493 2471 552 2537 isto,
564 2470 732 2541 tondeturque
750 2469 839 2526 millies
852 2469 937 2525 mille:
954 2472 986 2524 tu
997 2471 1083 2524 eutem

292 2597 338 2635 neo
355 2579 384 2634 in
400 2579 458 2646 isto,
475 2595 522 2633 neo
539 2577 567 2632 iu
583 2577 634 2643 illo,
654 2575 700 2632 sed
716 2576 745 2632 in
762 2576 803 2632 tui
822 2575 903 2648 ipsius
924 2575 1007 2648 gaude
1024 2591 1084 2630 oon·

291 2687 399 2756 tempto,
412 2687 438 2740 et
450 2685 478 2740 in
493 2683 548 2739 Mei
565 2683 646 2739 soiius
662 2684 819 2757 benepleoito
835 2701 867 2740 so
884 2685 986 2739 honore.
1023 2684 1085 2739 Hoc

291 2790 429 2862 optandum
448 2795 487 2846 est
505 2790 560 2856 tibi,
576 2794 614 2857 ut,
633 2794 683 2846 rive
694 2813 744 2863 per
759 2796 835 2848 eitam
852 2794 903 2848 sive
915 2812 963 2862 per
979 2792 1086 2862 metm,

291 2899 368 2954 Deus
379 2917 469 2970 semper
480 2902 507 2954 in
519 2903 543 2954 te
551 2901 743 2971 ylorificetur‘l.”
