2524 3844
439 419 583 478 c'nnrsnr
608 429 627 481 1.
642 420 681 488 re,
694 430 731 482 17.

192 561 310 618 cohiberi
347 562 389 618 Sic
401 581 462 636 ergo
479 567 558 636 patet,
578 583 653 635 qnam
670 571 728 618 raro
745 562 897 635 proximum,
916 564 985 623 sicut

131 711 133 735 ,
190 669 336 740 nosipsos,
357 687 500 741 pensamus.
537 671 565 726 Si
582 675 668 727 essent
685 689 773 727 omnes
789 671 903 744 perfecti,
923 673 984 744 qnid

132 786 134 801 ¹
191 775 739 849 tsnnehaberemusebeliisproDeopatiP

225 884 250 936 4.
268 881 347 938 Nune
359 886 445 962 autern
456 884 536 939 Dens
547 885 584 940 sio
596 884 729 949 ordinarit,
737 887 767 939 ut
781 882 907 940 ineamus
918 887 985 940 alter

190 989 294 1044 alteiae
311 1007 385 1044 ocrea
396 994 502 1060 portare
508 999 527 1056 Ρ,
545 991 604 1061 qnia
618 1009 692 1046 nemo
709 990 763 1046 sine
783 990 891 1057 defectu,
909 1009 984 1047 nemo

131 1068 134 1149 i
189 1093 243 1148 sine
255 1111 338 1160 onere,
351 1113 426 1150 nemo
438 1095 487 1150 eriri
498 1096 632 1162 sufficiens,
643 1115 718 1152 nemo
730 1096 780 1153 orti
791 1096 853 1152 satis
868 1097 983 1169 sapiens3

189 1200 235 1256 sed
257 1204 359 1272 oportet
381 1220 428 1257 nos
450 1202 559 1257 invicem
584 1205 693 1273 portare,
717 1201 825 1258 invicem
850 1203 983 1270 consolari,
1031 1202 1033 1211 '

188 1308 283 1380 pariter
294 1307 421 1380 adjuvere,
433 1308 559 1364 instruere
571 1313 598 1364 et
610 1309 751 1366 admonere.
776 1309 886 1370 Quantae
898 1314 984 1366 antem

133 1450 134 1509 r
188 1416 291 1474 virtutis
311 1416 418 1488 quisque
437 1417 524 1482 fuerit,
545 1416 635 1472 meiius
655 1419 728 1488 petet
746 1417 876 1472 occasione
897 1416 984 1473 adrer-

188 1524 287 1582 sitatis:
324 1524 468 1580 occasiones
497 1543 606 1596 namque
634 1524 763 1580 hominem
788 1523 905 1596 fragilem
932 1541 985 1580 non

188 1632 294 1699 sedunt,
307 1630 352 1688 sed
364 1631 446 1705 qualis
457 1631 500 1698 sit,
513 1630 660 1687 ostendunt.

469 1921 589 1977 CAPUT
611 1919 701 1977 XVII.

435 2069 473 2108 DE
491 2069 648 2108 normico
665 2067 738 2108 vm,

225 2187 249 2240 1.
268 2163 378 2256 Oportet
389 2187 420 2239 ut
437 2183 520 2239 discas
535 2183 661 2254 teipsum
679 2183 706 2238 in
721 2182 809 2238 multis
826 2163 950 2254 frangere,
961 2181 984 2236 si

189 2291 228 2347 ris
247 2309 336 2364 pacem
356 2295 383 2348 et
401 2290 561 2348 concordiam
580 2307 640 2344 eum
658 2288 714 2344 aliis
731 2293 827 2345 tenere.
863 2289 926 2344 Non
945 2292 985 2344 est

189 2417 296 2471 parvum
307 2398 335 2453 in
345 2397 508 2454 monasteriis
520 2395 562 2453 vel
572 2395 601 2452 in
612 2396 807 2469 congregatione
822 2395 945 2462 habitare,
959 2391 986 2452 et

190 2483 253 2559 inibi
264 2503 318 2559 sine
330 2505 434 2576 querela
444 2505 595 2570 conversari,
609 2507 636 2559 et
647 2522 729 2575 nsque
740 2503 773 2559 ed
785 2507 893 2559 mortem
905 2504 986 2560 fidelis

136 2644 138 2671 ;
190 2621 358 2682 perseverare.
393 2610 491 2665 Beatus
503 2603 653 2681 qui'ibidem
663 2609 830 2665 benerixerit
841 2613 869 2665 et
880 2610 987 2666 feliciter

190 2716 410 2772 consummaverit.
447 2716 476 2771 Si
485 2716 525 2772 vis
537 2714 622 2772 debite
634 2720 702 2773 stare
713 2720 741 2772 et
757 2717 887 2788 proficere,
899 2720 987 2774 teneas

190 2825 351 2893 tetanquam
362 2821 463 2877 exulem
473 2825 500 2877 et
511 2822 674 2894 peregrinum
685 2826 871 2895 superterram.
907 2823 988 2894 Opor-

190 2918 231 2986 tet
242 2933 270 2986 et
280 2929 391 2985 stultum
404 2929 459 2986 fleri
472 2930 577 3003 propter
593 2929 748 2996 omnmo,
761 2929 834 2986 siris
845 2928 989 3001 religiosam

193 3036 286 3094 ducere
297 3038 384 3094 ritem.
