2528 3850
297 455 345 502 240
551 449 600 498 DE
619 447 836 497 IMITATIONE

296 586 353 642 hilis
369 586 438 641 rita:
457 584 484 640 in
501 603 600 641 enuere
616 584 728 655 oo1poris
747 583 822 654 hujus
845 583 972 651 detentus,
988 581 1089 637 duobus

296 709 336 746 me
349 709 423 762 egere
434 691 524 759 fateor,
539 690 595 746 oibo
607 690 710 755 scilieet,
725 697 752 744 et
764 689 865 744 lumine.
888 688 991 743 Dedisti
1002 689 1089 759 itaque

296 797 359 851 mihi
370 796 468 851 infirmo
480 815 579 850 sacrum
592 795 690 865 Corpus
708 795 791 848 Tuum
804 793 836 848 ad
847 793 1009 848 reiectionem
1021 813 1089 848 men-

295 901 331 956 tis
344 906 370 955 et
383 900 502 971 corporis,
515 905 542 954 et
554 900 663 970 posuisti
675 903 796 954 lucarum
803 901 907 968 pedibus
924 902 982 953 urea
992 902 1089 954 verbum

299 1006 403 1059 Teuma
429 1004 488 1059 Sine
500 1004 539 1058 his
551 1003 649 1058 duobus
661 1003 725 1058 bene
736 1001 821 1058 vivere
832 1020 884 1056 non
894 1007 1009 1073 possem3
1027 1021 1084 1056 nam

296 1109 401 1164 verbum
413 1108 468 1162 Dnr
480 1108 525 1162 lux
536 1111 576 1162 est
592 1107 680 1162 anima
692 1125 762 1171 mea,
775 1112 801 1161 et
814 1108 1002 1162 Sacramentum
1013 1109 1089 1160 tuum

296 1212 367 1283 panis
385 1213 451 1267 vita.
488 1211 552 1266 Haeo
569 1214 676 1282 possunt
694 1211 770 1265 etiam
787 1210 838 1264 dici
852 1229 942 1264 neema
953 1213 1014 1274 daoe,
1026 1210 1087 1264 hino

295 1322 322 1372 et
340 1316 399 1405 inde
412 1321 438 1371 in
449 1319 625 1389 paeoptylacio
637 1319 730 1371 sancta
741 1315 860 1370 Ecclesiae
877 1315 990 1386 positael’.
1025 1315 1086 1370 Una

295 1439 383 1476 mensa
398 1424 437 1476 est
454 1421 519 1475 sauri
536 1421 629 1486 altaris,
646 1421 742 1475 habens
757 1438 848 1491 panem
859 1423 982 1486 sanctum,
994 1420 1020 1476 id
1037 1426 1085 1485 est,

297 1526 396 1597 Corpus
420 1526 537 1580 Cnmsrr
559 1526 698 1597 pretiosum
709 1546 717 1590 ;
744 1525 823 1579 altera
843 1529 882 1580 est
903 1525 994 1580 diunae
1013 1525 1085 1597 legis,

296 1632 428 1686 continens
440 1631 580 1686 doctrinam
592 1634 711 1696 sanatam,
725 1628 842 1685 erudiens
854 1629 930 1684 fidem
941 1633 1045 1696 rectam,
1059 1634 1086 1685 et

296 1737 402 1790 firmiter
418 1754 499 1806 usque
517 1734 549 1789 ad
566 1735 687 1791 interiora
698 1735 835 1800 velaminis,
849 1735 894 1789 ubi
911 1740 972 1790 sunt
991 1736 1087 1792 Sancta

296 1846 447 1905 sanctorum,
457 1840 604 1912 perducens.

330 1950 354 1998 5.
374 1946 474 2000 Gratias
493 1946 557 2011 libi,
578 1946 694 2000 Donrnn
714 1945 790 2011 JusU,
809 1946 869 2000 Lux
890 1947 955 2002 lueis
975 1951 1084 2014 aterna,

294 2069 340 2121 pro
353 2049 473 2106 doetrinae
485 2069 562 2106 saorae
579 2069 672 2116 mensa,
686 2070 761 2123 quam
772 2051 844 2106 nobis
856 2071 902 2122 per
919 2071 1005 2108 servos
1016 2055 1085 2109 ilios

294 2155 435 2226 Prophetas
454 2159 480 2210 et
498 2154 633 2226 Apostolos
651 2156 763 2227 aliosque
780 2156 906 2212 Dootores
924 2159 1082 2214 ministrasti.

295 2261 395 2314 Gratias
416 2260 481 2326 Tibi,
504 2259 610 2314 Creator
633 2279 662 2314 ao
683 2260 840 2332 Redemptor
863 2263 1000 2328 hominurn,
1021 2263 1083 2329 Qui,

295 2365 328 2420 ad
340 2365 512 2420 declarandam
524 2365 574 2420 toti
584 2365 677 2420 mundo
690 2366 822 2420 caritatem
834 2369 921 2434 Tuam,
934 2387 1031 2423 ooenam
1042 2387 1085 2440 pa-

294 2470 358 2525 rasti
374 2489 498 2541 magnam,
516 2471 544 2524 in
561 2488 611 2540 qua
627 2489 679 2525 non
696 2489 790 2542 agnum
807 2471 928 2542 typicum,
945 2473 991 2529 sed
1002 2475 1085 2528 Tuum

296 2575 482 2630 sanctissimum
494 2575 593 2645 Corpus
605 2579 631 2630 et
648 2576 803 2648 Sanguinem
814 2577 969 2647 proposuisti
978 2578 1084 2655 ‘mandu-

296 2679 404 2735 eandum
414 2699 421 2744 ;
433 2679 561 2734 laetificans
570 2697 657 2735 omnes
665 2681 751 2736 fideles
761 2681 875 2738 convivio
885 2700 964 2750 sauro,
973 2686 999 2737 et
1009 2683 1086 2738 oalioe

295 2783 421 2840 inebrians
431 2782 542 2848 salutari,
550 2782 578 2838 in
590 2803 639 2854 qno
652 2788 713 2839 sunt
722 2804 808 2841 omnes
821 2786 915 2841 delicie
930 2786 1047 2856 paradisi,
1059 2791 1085 2841 et

296 2891 431 2962 epulantur
439 2889 570 2944 nobiseum
577 2891 669 2960 Angeli
678 2893 767 2957 saneti,
781 2891 824 2946 sed
834 2892 959 2947 suavitate
971 2892 1084 2946 feliciori.

331 2999 355 3051 6.
375 2996 397 3051 Ο
411 3013 485 3066 quam
496 3013 616 3065 magnum
625 2999 651 3050 at
662 2995 807 3051 honorabile
819 3000 859 3050 est
877 2995 986 3053 officium
1004 3015 1084 3052 saeer-

329 3121 338 3142 ⁰
351 3115 384 3154 Pa
395 3114 464 3152 cxviii
475 3113 548 3162 (onix.)
558 3112 601 3152 los.
775 3121 785 3148 r
799 3113 827 3151 ct
836 3113 869 3152 Er.
876 3113 904 3152 xl
913 3115 948 3161 89;
956 3114 1006 3154 xnv.
1014 3115 1046 3154 la
