2546 3842
265 414 312 467 172
515 412 564 461 DE
583 410 798 461 IMI'I'ATIONE

264 549 421 606 seoutionem
431 546 604 619 indulgentiae,
618 563 695 618 qnam
716 563 774 602 nea
791 544 894 617 opinata
901 544 1004 617 justitia
1015 562 1062 616 pro

264 653 409 710 defensione
419 653 524 709 latentis
535 652 703 709 eonscientiae.
738 654 796 708 Etsi
806 654 872 707 nihil
881 654 942 706 milti
953 653 1062 708 camdus

261 779 320 826 eum,
329 765 408 814 tamen
416 761 444 814 io
450 760 494 813 boe
499 758 680 829 ‚laetificarem
688 775 736 812 non
742 764 870 827 Μυκη
889 757 956 827 quia,
962 757 1061 811 remota

260 865 432 922 misericordia
440 865 503 932 'lna
513 867 741 937 nonjustg'ficabitur
752 866 779 920 ia
790 869 916 935 conspeetu
925 866 976 920 lbo
985 866 1060 920 omas}

260 976 363 1032 simet.

538 1169 775 1220 amhn

528 1403 645 1459 CAPUT
673 1403 787 1462 XLVII.
872 1429 874 1433 ·

339 1588 414 1632 QUOD
426 1589 516 1628 omn
527 1589 630 1628 osma
641 1590 693 1628 PRO
704 1589 821 1628 annm
832 1589 896 1628 vm
908 1589 978 1628 SUNT

572 1697 741 1736 remmon

280 1839 304 1894 1.
319 1837 400 1903 “lili
409 1839 494 1892 nonto
505 1836 624 1910 frangant
632 1837 730 1893 labores
740 1855 802 1908 quos
812 1836 971 1908 assumpsisti
981 1853 1054 1908 prop-

256 1946 297 1998 ter
308 1944 360 2009 Me,
373 1961 421 1999 nee
432 1942 608 1998 tribulationes
620 1946 648 1998 te
659 1942 779 2016 dejiciant
794 1959 991 2014 usquequaqu03
1009 1941 1055 1998 aed

256 2052 318 2108 Mea
328 2053 461 2125 promissio
476 2053 505 2109 in
520 2054 589 2109 omni
600 2060 694 2110 eventu
704 2057 732 2109 ts
743 2054 846 2110 roboret
857 2057 884 2110 et
901 2054 1053 2109 consoletur.

255 2159 313 2231 Ego
330 2159 455 2215 sufficiens
472 2178 529 2214 aum
540 2159 573 2216 ad
584 2159 739 2215 reddendum
751 2178 828 2232 supra
839 2177 939 2214 omnem
950 2158 1054 2214 modum

254 2268 281 2319 et
297 2283 447 2321 mensnram.
483 2266 545 2322 Non
559 2265 604 2320 din
618 2265 660 2321 hio
674 2265 806 2331 laborabis,
818 2283 866 2320 neo
882 2282 981 2336 sempor
996 2281 1053 2336 gro

252 2381 350 2436 vaberis
363 2381 498 2438 doloribus.
528 2383 643 2455 Expecta
653 2383 788 2455 paulisper,
798 2384 824 2438 et
837 2381 935 2438 videbis
948 2381 1053 2436 celerem

254 2490 328 2544 linem
343 2489 474 2545 malorum.
509 2490 604 2546 Veniet
619 2510 671 2546 una
685 2491 749 2546 bora
764 2490 865 2563 quando
878 2491 987 2548 oessabit
1000 2509 1052 2546 om·

253 2594 293 2649 nis
316 2593 387 2649 labor
407 2597 433 2650 et
453 2595 588 2652 tumultus.
624 2597 757 2655 Modicum
777 2601 818 2654 est
837 2601 865 2654 et
884 2598 960 2654 breve
978 2616 1052 2653 omne

254 2700 322 2773 quod
333 2701 425 2756 transit
437 2720 495 2756 oum
505 2705 627 2774 temporo.

289 2809 313 2862 2.
332 2807 560 2880 “Agequodagis3
576 2807 975 2877 fideliterlnborainvineallea3
993 2810 1051 2882 Ego

253 2931 297 2969 aro
315 2932 412 2970 merces
427 2919 480 2970 tua.
527 2915 621 2982 Scribe,
639 2915 703 2988 lege,
719 2920 800 2984 canta,
816 2936 897 2990 geme,
915 2921 979 2983 tace,
998 2933 1049 2983 ora,

352 3117 362 3146 ι
371 3109 382 3149 1
391 3111 434 3150 cor.
445 3111 498 3150 lna
718 3109 771 3151 ¹Pa.
781 3111 837 3151 uns.
846 3111 926 3160 (exllit)
935 3109 953 3150 2
