<?xml version="1.0" encoding="UTF-8"?>
<!DOCTYPE html PUBLIC "-//W3C//DTD XHTML 1.0 Transitional//EN"
    "http://www.w3.org/TR/xhtml1/DTD/xhtml1-transitional.dtd">
<html xmlns="http://www.w3.org/1999/xhtml" xml:lang="en" lang="en">
 <head>
  <title>
</title>
<meta http-equiv="Content-Type" content="text/html;charset=utf-8" />
  <meta name='ocr-system' content='tesseract 3.04.00' />
  <meta name='ocr-capabilities' content='ocr_page ocr_carea ocr_par ocr_line ocrx_word'/>
</head>
<body>
  <div class='ocr_page' id='page_1' title='image "./deimitationechr01thomgoog_0064.png"; bbox 0 0 2524 3844; ppageno 0'>
   <div class='ocr_carea' id='block_1_1' title="bbox 416 445 953 504">
    <p class='ocr_par' dir='ltr' id='par_1_1' title="bbox 416 445 953 504">
     <span class='ocr_line' id='line_1_1' title="bbox 416 445 953 504; baseline -0.011 -6"><span class='ocrx_word' id='word_1_1' title='bbox 416 445 560 498; x_wconf 75' lang='lat' dir='ltr'>CHRISTI</span> <span class='ocrx_word' id='word_1_2' title='bbox 578 445 598 496; x_wconf 90' lang='lat' dir='ltr'>l.</span> <span class='ocrx_word' id='word_1_3' title='bbox 611 448 650 504; x_wconf 78' lang='lat'>24,</span> <span class='ocrx_word' id='word_1_4' title='bbox 664 448 702 494; x_wconf 79' lang='lat'>25.</span> <span class='ocrx_word' id='word_1_5' title='bbox 922 445 953 492; x_wconf 78' lang='lat'>49</span> 
     </span>
    </p>
   </div>
   <div class='ocr_carea' id='block_1_2' title="bbox 133 573 952 650">
    <p class='ocr_par' dir='ltr' id='par_1_2' title="bbox 133 573 952 650">
     <span class='ocr_line' id='line_1_2' title="bbox 133 573 952 650; baseline -0.011 -12"><span class='ocrx_word' id='word_1_6' title='bbox 133 644 137 650; x_wconf 52' lang='grc'>,</span> <span class='ocrx_word' id='word_1_7' title='bbox 158 584 185 638; x_wconf 89' lang='lat' dir='ltr'>in</span> <span class='ocrx_word' id='word_1_8' title='bbox 196 580 268 637; x_wconf 85' lang='lat' dir='ltr'>brevi</span> <span class='ocrx_word' id='word_1_9' title='bbox 278 579 399 650; x_wconf 83' lang='lat' dir='ltr'>recipies3</span> <span class='ocrx_word' id='word_1_10' title='bbox 417 596 464 632; x_wconf 92' lang='lat' dir='ltr'>nee</span> <span class='ocrx_word' id='word_1_11' title='bbox 476 577 524 632; x_wconf 89' lang='lat' dir='ltr'>erit</span> <span class='ocrx_word' id='word_1_12' title='bbox 536 579 599 632; x_wconf 88' lang='lat' dir='ltr'>tnnc</span> <span class='ocrx_word' id='word_1_13' title='bbox 615 575 721 648; x_wconf 88' lang='lat' dir='ltr'>amplius</span> <span class='ocrx_word' id='word_1_14' title='bbox 733 575 810 630; x_wconf 87' lang='lat' dir='ltr'>timor</span> <span class='ocrx_word' id='word_1_15' title='bbox 826 577 870 630; x_wconf 84' lang='lat' dir='ltr'>aut</span> <span class='ocrx_word' id='word_1_16' title='bbox 883 573 952 629; x_wconf 88' lang='lat' dir='ltr'>dolor</span> 
     </span>
    </p>
   </div>
   <div class='ocr_carea' id='block_1_3' title="bbox 43 668 954 752">
    <p class='ocr_par' dir='ltr' id='par_1_3' title="bbox 43 668 954 752">
     <span class='ocr_line' id='line_1_3' title="bbox 43 668 954 752; baseline -0.012 -9"><span class='ocrx_word' id='word_1_17' title='bbox 43 668 46 673; x_wconf 82' lang='grc'><strong>’</strong></span> <span class='ocrx_word' id='word_1_18' title='bbox 158 688 186 742; x_wconf 76' lang='lat' dir='ltr'>n</span> <span class='ocrx_word' id='word_1_19' title='bbox 200 685 293 740; x_wconf 75' lang='lat' dir='ltr'>meus</span> <span class='ocrx_word' id='word_1_20' title='bbox 311 683 371 738; x_wconf 77' lang='lat' dir='ltr'>tm.</span> <span class='ocrx_word' id='word_1_21' title='bbox 407 681 540 738; x_wconf 70' lang='lat' dir='ltr'>nouam</span> <span class='ocrx_word' id='word_1_22' title='bbox 559 699 627 737; x_wconf 75' lang='lat' dir='ltr'>nune</span> <span class='ocrx_word' id='word_1_23' title='bbox 643 680 776 746; x_wconf 69' lang='lat' dir='ltr'>eurem,</span> <span class='ocrx_word' id='word_1_24' title='bbox 792 683 819 735; x_wconf 73' lang='lat' dir='ltr'>ee</span> <span class='ocrx_word' id='word_1_25' title='bbox 836 697 954 752; x_wconf 65' lang='lat' dir='ltr'>magnam</span> 
     </span>
    </p>
   </div>
   <div class='ocr_carea' id='block_1_4' title="bbox 157 785 955 1598">
    <p class='ocr_par' dir='ltr' id='par_1_4' title="bbox 157 785 955 1280">
     <span class='ocr_line' id='line_1_4' title="bbox 158 785 954 863; baseline -0.009 -17"><span class='ocrx_word' id='word_1_26' title='bbox 158 792 279 863; x_wconf 84' lang='lat' dir='ltr'>requiem,</span> <span class='ocrx_word' id='word_1_27' title='bbox 290 791 367 845; x_wconf 90' lang='lat' dir='ltr'>immo</span> <span class='ocrx_word' id='word_1_28' title='bbox 379 793 528 861; x_wconf 86' lang='lat' dir='ltr'>perpetuam</span> <span class='ocrx_word' id='word_1_29' title='bbox 538 787 661 852; x_wconf 71' lang='lat' dir='ltr'>letitiam,</span> <span class='ocrx_word' id='word_1_30' title='bbox 670 785 791 842; x_wconf 86' lang='lat' dir='ltr'>invenies.</span> <span class='ocrx_word' id='word_1_31' title='bbox 822 785 889 840; x_wconf 85' lang='lat' dir='ltr'>Situ</span> <span class='ocrx_word' id='word_1_32' title='bbox 899 803 954 858; x_wconf 86' lang='lat' dir='ltr'>per·</span> 
     </span>
     <span class='ocr_line' id='line_1_5' title="bbox 158 889 954 964; baseline -0.005 -15"><span class='ocrx_word' id='word_1_33' title='bbox 158 894 280 949; x_wconf 77' lang='lat' dir='ltr'>manseris</span> <span class='ocrx_word' id='word_1_34' title='bbox 297 891 378 948; x_wconf 78' lang='lat' dir='ltr'>fidelis</span> <span class='ocrx_word' id='word_1_35' title='bbox 390 895 416 948; x_wconf 90' lang='lat' dir='ltr'>et</span> <span class='ocrx_word' id='word_1_36' title='bbox 428 892 540 948; x_wconf 81' lang='lat' dir='ltr'>fervidus</span> <span class='ocrx_word' id='word_1_37' title='bbox 553 893 582 947; x_wconf 90' lang='lat' dir='ltr'>in</span> <span class='ocrx_word' id='word_1_38' title='bbox 597 891 702 964; x_wconf 84' lang='lat' dir='ltr'>agendo,</span> <span class='ocrx_word' id='word_1_39' title='bbox 715 892 794 946; x_wconf 80' lang='lat' dir='ltr'>Dnns</span> <span class='ocrx_word' id='word_1_40' title='bbox 809 891 898 962; x_wconf 88' lang='lat' dir='ltr'>procul</span> <span class='ocrx_word' id='word_1_41' title='bbox 910 889 954 945; x_wconf 92' lang='lat' dir='ltr'>du·</span> 
     </span>
     <span class='ocr_line' id='line_1_6' title="bbox 159 995 955 1068; baseline -0.001 -16"><span class='ocrx_word' id='word_1_42' title='bbox 159 998 202 1053; x_wconf 93' lang='lat' dir='ltr'>bio</span> <span class='ocrx_word' id='word_1_43' title='bbox 214 998 263 1052; x_wconf 89' lang='lat' dir='ltr'>erit</span> <span class='ocrx_word' id='word_1_44' title='bbox 274 996 355 1052; x_wconf 86' lang='lat' dir='ltr'>fidelis</span> <span class='ocrx_word' id='word_1_45' title='bbox 367 1000 393 1052; x_wconf 87' lang='lat' dir='ltr'>et</span> <span class='ocrx_word' id='word_1_46' title='bbox 404 996 516 1068; x_wconf 80' lang='lat' dir='ltr'>locuples</span> <span class='ocrx_word' id='word_1_47' title='bbox 528 997 556 1051; x_wconf 92' lang='lat' dir='ltr'>in</span> <span class='ocrx_word' id='word_1_48' title='bbox 566 996 737 1052; x_wconf 85' lang='lat' dir='ltr'>retribuendo.</span> <span class='ocrx_word' id='word_1_49' title='bbox 775 997 851 1068; x_wconf 83' lang='lat' dir='ltr'>Spem</span> <span class='ocrx_word' id='word_1_50' title='bbox 862 995 955 1052; x_wconf 87' lang='lat' dir='ltr'>bonam</span> 
     </span>
     <span class='ocr_line' id='line_1_7' title="bbox 157 1101 955 1174; baseline -0.001 -15"><span class='ocrx_word' id='word_1_51' title='bbox 157 1105 268 1159; x_wconf 88' lang='lat' dir='ltr'>retinere</span> <span class='ocrx_word' id='word_1_52' title='bbox 284 1102 368 1168; x_wconf 86' lang='lat' dir='ltr'>debes,</span> <span class='ocrx_word' id='word_1_53' title='bbox 382 1102 450 1174; x_wconf 93' lang='lat' dir='ltr'>quod</span> <span class='ocrx_word' id='word_1_54' title='bbox 466 1101 498 1157; x_wconf 83' lang='lat' dir='ltr'>ad</span> <span class='ocrx_word' id='word_1_55' title='bbox 511 1103 620 1174; x_wconf 86' lang='lat' dir='ltr'>palmam</span> <span class='ocrx_word' id='word_1_56' title='bbox 636 1103 785 1174; x_wconf 87' lang='lat' dir='ltr'>pervenies;</span> <span class='ocrx_word' id='word_1_57' title='bbox 804 1102 849 1158; x_wconf 89' lang='lat' dir='ltr'>sed</span> <span class='ocrx_word' id='word_1_58' title='bbox 863 1103 955 1158; x_wconf 87' lang='lat' dir='ltr'>securi·</span> 
     </span>
     <span class='ocr_line' id='line_1_8' title="bbox 157 1209 901 1280; baseline -0.004 -15"><span class='ocrx_word' id='word_1_59' title='bbox 157 1213 239 1265; x_wconf 89' lang='lat' dir='ltr'>tatem</span> <span class='ocrx_word' id='word_1_60' title='bbox 251 1227 340 1280; x_wconf 77' lang='lat' dir='ltr'>capere</span> <span class='ocrx_word' id='word_1_61' title='bbox 351 1226 403 1262; x_wconf 91' lang='lat' dir='ltr'>non</span> <span class='ocrx_word' id='word_1_62' title='bbox 414 1211 523 1279; x_wconf 84' lang='lat' dir='ltr'>oportet,</span> <span class='ocrx_word' id='word_1_63' title='bbox 536 1227 568 1264; x_wconf 88' lang='lat' dir='ltr'>ne</span> <span class='ocrx_word' id='word_1_64' title='bbox 579 1212 681 1280; x_wconf 77' lang='lat' dir='ltr'>torpeas</span> <span class='ocrx_word' id='word_1_65' title='bbox 694 1211 738 1264; x_wconf 88' lang='lat' dir='ltr'>aut</span> <span class='ocrx_word' id='word_1_66' title='bbox 755 1209 836 1264; x_wconf 88' lang='lat' dir='ltr'>elatus</span> <span class='ocrx_word' id='word_1_67' title='bbox 848 1209 901 1264; x_wconf 88' lang='lat' dir='ltr'>fias.</span> 
     </span>
    </p>

    <p class='ocr_par' dir='ltr' id='par_1_5' title="bbox 157 1313 955 1598">
     <span class='ocr_line' id='line_1_9' title="bbox 193 1313 955 1386; baseline 0.001 -17"><span class='ocrx_word' id='word_1_68' title='bbox 193 1317 218 1370; x_wconf 75' lang='lat'>2.</span> <span class='ocrx_word' id='word_1_69' title='bbox 237 1315 304 1369; x_wconf 83' lang='lat' dir='ltr'>(lum</span> <span class='ocrx_word' id='word_1_70' title='bbox 315 1313 418 1385; x_wconf 80' lang='lat' dir='ltr'>quidum</span> <span class='ocrx_word' id='word_1_71' title='bbox 430 1313 519 1369; x_wconf 85' lang='lat' dir='ltr'>anxius</span> <span class='ocrx_word' id='word_1_72' title='bbox 531 1313 599 1369; x_wconf 88' lang='lat' dir='ltr'>inter</span> <span class='ocrx_word' id='word_1_73' title='bbox 610 1317 707 1370; x_wconf 88' lang='lat' dir='ltr'>metum</span> <span class='ocrx_word' id='word_1_74' title='bbox 719 1321 745 1370; x_wconf 89' lang='lat' dir='ltr'>at</span> <span class='ocrx_word' id='word_1_75' title='bbox 757 1333 828 1386; x_wconf 85' lang='lat' dir='ltr'>spem</span> <span class='ocrx_word' id='word_1_76' title='bbox 839 1315 955 1386; x_wconf 82' lang='lat' dir='ltr'>frequen·</span> 
     </span>
     <span class='ocr_line' id='line_1_10' title="bbox 157 1419 955 1491; baseline 0 -15"><span class='ocrx_word' id='word_1_77' title='bbox 157 1424 198 1476; x_wconf 89' lang='lat' dir='ltr'>ter</span> <span class='ocrx_word' id='word_1_78' title='bbox 209 1421 354 1486; x_wconf 88' lang='lat' dir='ltr'>fluctuaret,</span> <span class='ocrx_word' id='word_1_79' title='bbox 368 1423 395 1475; x_wconf 91' lang='lat' dir='ltr'>et</span> <span class='ocrx_word' id='word_1_80' title='bbox 403 1419 512 1491; x_wconf 74' lang='lat' dir='ltr'>quadam</span> <span class='ocrx_word' id='word_1_81' title='bbox 518 1419 574 1475; x_wconf 85' lang='lat' dir='ltr'>vice</span> <span class='ocrx_word' id='word_1_82' title='bbox 580 1438 688 1476; x_wconf 83' lang='lat' dir='ltr'>moerore</span> <span class='ocrx_word' id='word_1_83' title='bbox 697 1421 828 1476; x_wconf 87' lang='lat' dir='ltr'>conlectus</span> <span class='ocrx_word' id='word_1_84' title='bbox 839 1420 867 1475; x_wconf 93' lang='lat' dir='ltr'>in</span> <span class='ocrx_word' id='word_1_85' title='bbox 878 1427 955 1476; x_wconf 90' lang='lat' dir='ltr'>eccle-</span> 
     </span>
     <span class='ocr_line' id='line_1_11' title="bbox 157 1525 955 1598; baseline 0.001 -17"><span class='ocrx_word' id='word_1_86' title='bbox 157 1526 196 1581; x_wconf 87' lang='lat' dir='ltr'>sia</span> <span class='ocrx_word' id='word_1_87' title='bbox 204 1529 264 1580; x_wconf 88' lang='lat' dir='ltr'>ante</span> <span class='ocrx_word' id='word_1_88' title='bbox 276 1525 402 1597; x_wconf 85' lang='lat' dir='ltr'>quoddam</span> <span class='ocrx_word' id='word_1_89' title='bbox 414 1525 493 1580; x_wconf 88' lang='lat' dir='ltr'>altare</span> <span class='ocrx_word' id='word_1_90' title='bbox 502 1544 530 1581; x_wconf 88' lang='lat' dir='ltr'>se</span> <span class='ocrx_word' id='word_1_91' title='bbox 541 1526 569 1580; x_wconf 93' lang='lat' dir='ltr'>in</span> <span class='ocrx_word' id='word_1_92' title='bbox 580 1526 693 1581; x_wconf 80' lang='lat' dir='ltr'>oratione</span> <span class='ocrx_word' id='word_1_93' title='bbox 705 1527 891 1598; x_wconf 75' lang='lat' dir='ltr'>prostravisset,</span> <span class='ocrx_word' id='word_1_94' title='bbox 901 1526 955 1582; x_wconf 76' lang='lat' dir='ltr'>hee</span> 
     </span>
    </p>
   </div>
   <div class='ocr_carea' id='block_1_5' title="bbox 156 1631 955 1716">
    <p class='ocr_par' dir='ltr' id='par_1_6' title="bbox 156 1631 955 1716">
     <span class='ocr_line' id='line_1_12' title="bbox 156 1631 955 1716; baseline 0.001 -30"><span class='ocrx_word' id='word_1_95' title='bbox 156 1632 226 1686; x_wconf 88' lang='lat' dir='ltr'>intra</span> <span class='ocrx_word' id='word_1_96' title='bbox 232 1650 260 1716; x_wconf 87' lang='lat' dir='ltr'>se</span> <span class='ocrx_word' id='word_1_97' title='bbox 269 1631 383 1698; x_wconf 86' lang='lat' dir='ltr'>revolvit,</span> <span class='ocrx_word' id='word_1_98' title='bbox 393 1631 478 1686; x_wconf 87' lang='lat' dir='ltr'>dicens</span> <span class='ocrx_word' id='word_1_99' title='bbox 488 1655 494 1687; x_wconf 91' lang='lat'>:</span> <span class='ocrx_word' id='word_1_100' title='bbox 509 1631 556 1686; x_wconf 92' lang='lat'>“0</span> <span class='ocrx_word' id='word_1_101' title='bbox 566 1631 589 1687; x_wconf 92' lang='lat' dir='ltr'>si</span> <span class='ocrx_word' id='word_1_102' title='bbox 600 1632 692 1688; x_wconf 86' lang='lat' dir='ltr'>scirem</span> <span class='ocrx_word' id='word_1_103' title='bbox 699 1631 767 1702; x_wconf 90' lang='lat' dir='ltr'>quod</span> <span class='ocrx_word' id='word_1_104' title='bbox 779 1632 861 1687; x_wconf 79' lang='lat' dir='ltr'>adhuc</span> <span class='ocrx_word' id='word_1_105' title='bbox 872 1649 955 1703; x_wconf 88' lang='lat' dir='ltr'>perse-</span> 
     </span>
    </p>
   </div>
   <div class='ocr_carea' id='block_1_6' title="bbox 119 1737 997 3066">
    <p class='ocr_par' dir='ltr' id='par_1_7' title="bbox 119 1737 956 2637">
     <span class='ocr_line' id='line_1_13' title="bbox 119 1737 955 1808; baseline 0 -16"><span class='ocrx_word' id='word_1_106' title='bbox 119 1770 122 1774; x_wconf 59' lang='lat'><strong><em>&gt;</em></strong></span> <span class='ocrx_word' id='word_1_107' title='bbox 157 1740 292 1793; x_wconf 82' lang='lat' dir='ltr'>venaturus</span> <span class='ocrx_word' id='word_1_108' title='bbox 306 1755 388 1792; x_wconf 87' lang='lat' dir='ltr'>essem</span> <span class='ocrx_word' id='word_1_109' title='bbox 397 1737 423 1792; x_wconf 82' lang='lat'>!&#39;&#39;</span> <span class='ocrx_word' id='word_1_110' title='bbox 442 1737 579 1808; x_wconf 80' lang='lat' dir='ltr'>statimque</span> <span class='ocrx_word' id='word_1_111' title='bbox 596 1737 693 1793; x_wconf 79' lang='lat' dir='ltr'>audivit</span> <span class='ocrx_word' id='word_1_112' title='bbox 706 1737 820 1792; x_wconf 88' lang='lat' dir='ltr'>divinum</span> <span class='ocrx_word' id='word_1_113' title='bbox 836 1738 906 1792; x_wconf 88' lang='lat' dir='ltr'>intus</span> <span class='ocrx_word' id='word_1_114' title='bbox 918 1756 955 1793; x_wconf 81' lang='lat' dir='ltr'>re</span> 
     </span>
     <span class='ocr_line' id='line_1_14' title="bbox 158 1841 956 1914; baseline 0.001 -17"><span class='ocrx_word' id='word_1_115' title='bbox 158 1859 294 1913; x_wconf 88' lang='lat' dir='ltr'>sponsum:</span> <span class='ocrx_word' id='word_1_116' title='bbox 316 1841 418 1902; x_wconf 77' lang='lat' dir='ltr'>“Quod</span> <span class='ocrx_word' id='word_1_117' title='bbox 430 1842 507 1897; x_wconf 89' lang='lat' dir='ltr'>sihoc</span> <span class='ocrx_word' id='word_1_118' title='bbox 519 1843 604 1909; x_wconf 86' lang='lat' dir='ltr'>scires,</span> <span class='ocrx_word' id='word_1_119' title='bbox 618 1842 681 1914; x_wconf 91' lang='lat' dir='ltr'>quid</span> <span class='ocrx_word' id='word_1_120' title='bbox 691 1842 775 1898; x_wconf 86' lang='lat' dir='ltr'>facere</span> <span class='ocrx_word' id='word_1_121' title='bbox 786 1841 883 1898; x_wconf 83' lang='lat' dir='ltr'>velles?</span> <span class='ocrx_word' id='word_1_122' title='bbox 904 1843 956 1898; x_wconf 81' lang='lat' dir='ltr'>Fac</span> 
     </span>
     <span class='ocr_line' id='line_1_15' title="bbox 157 1947 954 2017; baseline 0.003 -17"><span class='ocrx_word' id='word_1_123' title='bbox 157 1963 233 2012; x_wconf 88' lang='lat' dir='ltr'>nune,</span> <span class='ocrx_word' id='word_1_124' title='bbox 256 1947 325 2017; x_wconf 92' lang='lat' dir='ltr'>quod</span> <span class='ocrx_word' id='word_1_125' title='bbox 341 1951 404 2002; x_wconf 90' lang='lat' dir='ltr'>tunc</span> <span class='ocrx_word' id='word_1_126' title='bbox 421 1947 505 2003; x_wconf 83' lang='lat' dir='ltr'>facere</span> <span class='ocrx_word' id='word_1_127' title='bbox 521 1949 607 2015; x_wconf 82' lang='lat' dir='ltr'>velles,</span> <span class='ocrx_word' id='word_1_128' title='bbox 626 1951 653 2004; x_wconf 87' lang='lat' dir='ltr'>et</span> <span class='ocrx_word' id='word_1_129' title='bbox 670 1948 736 2003; x_wconf 92' lang='lat' dir='ltr'>bene</span> <span class='ocrx_word' id='word_1_130' title='bbox 754 1965 858 2002; x_wconf 88' lang='lat' dir='ltr'>securus</span> <span class='ocrx_word' id='word_1_131' title='bbox 879 1948 954 2003; x_wconf 89' lang='lat' dir='ltr'>aris.’&#39;</span> 
     </span>
     <span class='ocr_line' id='line_1_16' title="bbox 156 2053 955 2124; baseline 0.003 -16"><span class='ocrx_word' id='word_1_132' title='bbox 156 2053 272 2124; x_wconf 85' lang='lat' dir='ltr'>Moxque</span> <span class='ocrx_word' id='word_1_133' title='bbox 294 2053 437 2109; x_wconf 76' lang='lat' dir='ltr'>consolatus</span> <span class='ocrx_word' id='word_1_134' title='bbox 456 2057 482 2109; x_wconf 88' lang='lat' dir='ltr'>et</span> <span class='ocrx_word' id='word_1_135' title='bbox 501 2054 660 2110; x_wconf 75' lang='lat' dir='ltr'>confortatus</span> <span class='ocrx_word' id='word_1_136' title='bbox 678 2053 769 2109; x_wconf 84' lang='lat' dir='ltr'>divinae</span> <span class='ocrx_word' id='word_1_137' title='bbox 784 2072 813 2109; x_wconf 87' lang='lat' dir='ltr'>se</span> <span class='ocrx_word' id='word_1_138' title='bbox 830 2055 955 2110; x_wconf 87' lang='lat' dir='ltr'>commisit</span> 
     </span>
     <span class='ocr_line' id='line_1_17' title="bbox 156 2158 955 2232; baseline 0.004 -20"><span class='ocrx_word' id='word_1_139' title='bbox 156 2158 291 2224; x_wconf 82' lang='lat' dir='ltr'>voluntati,</span> <span class='ocrx_word' id='word_1_140' title='bbox 302 2163 328 2214; x_wconf 93' lang='lat' dir='ltr'>et</span> <span class='ocrx_word' id='word_1_141' title='bbox 340 2160 448 2215; x_wconf 82' lang='lat' dir='ltr'>cessavit</span> <span class='ocrx_word' id='word_1_142' title='bbox 457 2160 532 2214; x_wconf 81' lang='lat' dir='ltr'>anxia</span> <span class='ocrx_word' id='word_1_143' title='bbox 543 2160 685 2216; x_wconf 85' lang='lat' dir='ltr'>fluctuatio.</span> <span class='ocrx_word' id='word_1_144' title='bbox 703 2158 845 2232; x_wconf 87' lang='lat' dir='ltr'>Noluitque</span> <span class='ocrx_word' id='word_1_145' title='bbox 857 2159 955 2216; x_wconf 88' lang='lat' dir='ltr'>curiose</span> 
     </span>
     <span class='ocr_line' id='line_1_18' title="bbox 156 2264 955 2338; baseline 0.001 -19"><span class='ocrx_word' id='word_1_146' title='bbox 156 2264 318 2336; x_wconf 77' lang='lat' dir='ltr'>invesn&#39;gare,</span> <span class='ocrx_word' id='word_1_147' title='bbox 335 2268 366 2320; x_wconf 93' lang='lat' dir='ltr'>ut</span> <span class='ocrx_word' id='word_1_148' title='bbox 382 2265 458 2321; x_wconf 86' lang='lat' dir='ltr'>sciret</span> <span class='ocrx_word' id='word_1_149' title='bbox 471 2284 528 2336; x_wconf 76' lang='lat' dir='ltr'>qus</span> <span class='ocrx_word' id='word_1_150' title='bbox 544 2265 593 2322; x_wconf 92' lang='lat' dir='ltr'>sibi</span> <span class='ocrx_word' id='word_1_151' title='bbox 608 2269 694 2322; x_wconf 88' lang='lat' dir='ltr'>essent</span> <span class='ocrx_word' id='word_1_152' title='bbox 706 2267 801 2333; x_wconf 78' lang='lat' dir='ltr'>lutura</span> <span class='ocrx_word' id='word_1_153' title='bbox 814 2265 860 2322; x_wconf 88' lang='lat' dir='ltr'>sed</span> <span class='ocrx_word' id='word_1_154' title='bbox 874 2266 955 2338; x_wconf 83' lang='lat' dir='ltr'>magis</span> 
     </span>
     <span class='ocr_line' id='line_1_19' title="bbox 157 2370 955 2445; baseline 0.004 -20"><span class='ocrx_word' id='word_1_155' title='bbox 157 2370 259 2426; x_wconf 89' lang='lat' dir='ltr'>studuit</span> <span class='ocrx_word' id='word_1_156' title='bbox 278 2371 406 2442; x_wconf 87' lang='lat' dir='ltr'>inquirere</span> <span class='ocrx_word' id='word_1_157' title='bbox 424 2390 481 2443; x_wconf 87' lang='lat' dir='ltr'>qnae</span> <span class='ocrx_word' id='word_1_158' title='bbox 499 2377 567 2428; x_wconf 87' lang='lat' dir='ltr'>esset</span> <span class='ocrx_word' id='word_1_159' title='bbox 584 2372 701 2430; x_wconf 79' lang='lat' dir='ltr'>voluntas</span> <span class='ocrx_word' id='word_1_160' title='bbox 718 2374 774 2429; x_wconf 77' lang='lat' dir='ltr'>Dm</span> <span class='ocrx_word' id='word_1_161' title='bbox 789 2372 955 2445; x_wconf 84' lang='lat' dir='ltr'>beneplacens</span> 
     </span>
     <span class='ocr_line' id='line_1_20' title="bbox 157 2476 955 2552; baseline 0.008 -22"><span class='ocrx_word' id='word_1_162' title='bbox 157 2479 185 2531; x_wconf 89' lang='lat' dir='ltr'>et</span> <span class='ocrx_word' id='word_1_163' title='bbox 201 2476 321 2547; x_wconf 74' lang='lat' dir='ltr'>perfecta</span> <span class='ocrx_word' id='word_1_164' title='bbox 339 2476 371 2532; x_wconf 83' lang='lat' dir='ltr'>ad</span> <span class='ocrx_word' id='word_1_165' title='bbox 387 2495 462 2533; x_wconf 88' lang='lat' dir='ltr'>omne</span> <span class='ocrx_word' id='word_1_166' title='bbox 480 2496 544 2550; x_wconf 87' lang='lat' dir='ltr'>opus</span> <span class='ocrx_word' id='word_1_167' title='bbox 561 2479 657 2534; x_wconf 89' lang='lat' dir='ltr'>bonum</span> <span class='ocrx_word' id='word_1_168' title='bbox 672 2479 841 2536; x_wconf 87' lang='lat' dir='ltr'>inchoandum</span> <span class='ocrx_word' id='word_1_169' title='bbox 856 2484 883 2535; x_wconf 90' lang='lat' dir='ltr'>et</span> <span class='ocrx_word' id='word_1_170' title='bbox 900 2499 955 2552; x_wconf 91' lang='lat' dir='ltr'>per-</span> 
     </span>
     <span class='ocr_line' id='line_1_21' title="bbox 157 2581 300 2637; baseline 0.007 -1"><span class='ocrx_word' id='word_1_171' title='bbox 157 2581 300 2637; x_wconf 80' lang='lat' dir='ltr'>finiendum.</span> 
     </span>
    </p>

    <p class='ocr_par' dir='ltr' id='par_1_8' title="bbox 157 2687 997 3066">
     <span class='ocr_line' id='line_1_22' title="bbox 194 2687 997 2762; baseline 0.007 -21"><span class='ocrx_word' id='word_1_172' title='bbox 194 2689 219 2741; x_wconf 86' lang='lat'>3.</span> <span class='ocrx_word' id='word_1_173' title='bbox 238 2689 316 2757; x_wconf 81' lang='lat' dir='ltr'>Spero</span> <span class='ocrx_word' id='word_1_174' title='bbox 330 2690 358 2742; x_wconf 82' lang='lat' dir='ltr'>ia</span> <span class='ocrx_word' id='word_1_175' title='bbox 377 2687 494 2743; x_wconf 77' lang='lat' dir='ltr'>Domnro</span> <span class='ocrx_word' id='word_1_176' title='bbox 512 2694 537 2744; x_wconf 80' lang='lat' dir='ltr'>et</span> <span class='ocrx_word' id='word_1_177' title='bbox 548 2693 598 2762; x_wconf 80' lang='lat' dir='ltr'>sac</span> <span class='ocrx_word' id='word_1_178' title='bbox 615 2692 754 2757; x_wconf 81' lang='lat' dir='ltr'>bonitatem,</span> <span class='ocrx_word' id='word_1_179' title='bbox 768 2691 804 2746; x_wconf 87' lang='lat' dir='ltr'>ait</span> <span class='ocrx_word' id='word_1_180' title='bbox 818 2690 954 2762; x_wconf 83' lang='lat' dir='ltr'>Propheta,</span> <span class='ocrx_word' id='word_1_181' title='bbox 994 2753 997 2758; x_wconf 58' lang='grc'>,</span> 
     </span>
     <span class='ocr_line' id='line_1_23' title="bbox 157 2792 956 2867; baseline 0.008 -22"><span class='ocrx_word' id='word_1_182' title='bbox 157 2798 183 2846; x_wconf 82' lang='lat' dir='ltr'>et</span> <span class='ocrx_word' id='word_1_183' title='bbox 199 2792 314 2846; x_wconf 76' lang='lat' dir='ltr'>inhabita</span> <span class='ocrx_word' id='word_1_184' title='bbox 325 2797 425 2858; x_wconf 81' lang='lat' dir='ltr'>terrum,</span> <span class='ocrx_word' id='word_1_185' title='bbox 442 2799 468 2848; x_wconf 82' lang='lat' dir='ltr'>et</span> <span class='ocrx_word' id='word_1_186' title='bbox 480 2798 591 2864; x_wconf 72' lang='lat' dir='ltr'>pasceris</span> <span class='ocrx_word' id='word_1_187' title='bbox 604 2797 630 2850; x_wconf 84' lang='lat' dir='ltr'>ia</span> <span class='ocrx_word' id='word_1_188' title='bbox 643 2797 742 2851; x_wconf 78' lang='lat' dir='ltr'>divitiis</span> <span class='ocrx_word' id='word_1_189' title='bbox 748 2798 810 2867; x_wconf 60' lang='lat' dir='ltr'>dyas</span> <span class='ocrx_word' id='word_1_190' title='bbox 816 2796 830 2852; x_wconf 89' lang='lat'>¹.</span> <span class='ocrx_word' id='word_1_191' title='bbox 865 2795 956 2851; x_wconf 89' lang='lat' dir='ltr'>Unum</span> 
     </span>
     <span class='ocr_line' id='line_1_24' title="bbox 157 2897 955 2970; baseline 0.006 -19"><span class='ocrx_word' id='word_1_192' title='bbox 157 2902 198 2952; x_wconf 85' lang='lat' dir='ltr'>est</span> <span class='ocrx_word' id='word_1_193' title='bbox 219 2897 287 2969; x_wconf 86' lang='lat' dir='ltr'>quod</span> <span class='ocrx_word' id='word_1_194' title='bbox 307 2897 401 2956; x_wconf 86' lang='lat' dir='ltr'>multos</span> <span class='ocrx_word' id='word_1_195' title='bbox 425 2917 441 2953; x_wconf 91' lang='lat' dir='ltr'>a</span> <span class='ocrx_word' id='word_1_196' title='bbox 462 2901 626 2970; x_wconf 79' lang='lat' dir='ltr'>profectost</span> <span class='ocrx_word' id='word_1_197' title='bbox 649 2901 758 2957; x_wconf 86' lang='lat' dir='ltr'>ferventi</span> <span class='ocrx_word' id='word_1_198' title='bbox 781 2901 955 2956; x_wconf 85' lang='lat' dir='ltr'>emendatione</span> 
     </span>
     <span class='ocr_line' id='line_1_25' title="bbox 158 3002 954 3066; baseline 0.01 -11"><span class='ocrx_word' id='word_1_199' title='bbox 158 3002 272 3066; x_wconf 85' lang='lat' dir='ltr'>retrahit,</span> <span class='ocrx_word' id='word_1_200' title='bbox 283 3002 372 3058; x_wconf 87' lang='lat' dir='ltr'>horror</span> <span class='ocrx_word' id='word_1_201' title='bbox 384 3003 538 3060; x_wconf 86' lang='lat' dir='ltr'>difficultatis</span> <span class='ocrx_word' id='word_1_202' title='bbox 551 3025 596 3061; x_wconf 88' lang='lat' dir='ltr'>seu</span> <span class='ocrx_word' id='word_1_203' title='bbox 607 3007 678 3062; x_wconf 82' lang='lat' dir='ltr'>labor</span> <span class='ocrx_word' id='word_1_204' title='bbox 690 3007 841 3063; x_wconf 89' lang='lat' dir='ltr'>certaminis.</span> <span class='ocrx_word' id='word_1_205' title='bbox 869 3006 954 3062; x_wconf 79' lang='lat' dir='ltr'>Enim·</span> 
     </span>
    </p>
   </div>
   <div class='ocr_carea' id='block_1_7' title="bbox 412 3158 685 3208">
    <p class='ocr_par' dir='ltr' id='par_1_9' title="bbox 412 3158 685 3208">
     <span class='ocr_line' id='line_1_26' title="bbox 412 3158 685 3208; baseline 0.011 -10"><span class='ocrx_word' id='word_1_206' title='bbox 412 3158 419 3186; x_wconf 87' lang='lat'>¹</span> <span class='ocrx_word' id='word_1_207' title='bbox 432 3160 465 3199; x_wconf 84' lang='lat' dir='ltr'>Ps.</span> <span class='ocrx_word' id='word_1_208' title='bbox 476 3161 549 3200; x_wconf 84' lang='lat' dir='ltr'>xxxvi.</span> <span class='ocrx_word' id='word_1_209' title='bbox 560 3161 657 3208; x_wconf 76' lang='lat' dir='ltr'>(xxxvii.)</span> <span class='ocrx_word' id='word_1_210' title='bbox 667 3162 685 3201; x_wconf 76' lang='grc' dir='ltr'>Β.</span> 
     </span>
    </p>
   </div>
   <div class='ocr_carea' id='block_1_8' title="bbox 0 0 1267 3844">
    <p class='ocr_par' dir='ltr' id='par_1_10' title="bbox 0 0 1267 3844">
     <span class='ocr_line' id='line_1_27' title="bbox 0 0 1267 3844; baseline 0 0"><span class='ocrx_word' id='word_1_211' title='bbox 0 0 1267 3844; x_wconf 95' lang='lat' dir='ltr'> </span> 
     </span>
    </p>
   </div>
  </div>
 </body>
</html>
