2528 3850
306 465 352 510 248
556 461 604 510 DE
623 461 838 511 IMITATIONE

304 591 414 659 Etenim,
427 591 487 648 licet
498 595 572 649 tento
584 592 708 649 desiderio
720 596 773 648 tum
784 591 931 664 specialium
942 591 1095 648 devotorum

304 697 417 753 duorum
431 716 484 754 non
500 698 584 765 uedeo,
596 705 682 753 temen
695 697 738 768 (de
749 697 832 769 gretie
842 697 917 764 Μ)
929 697 997 754 illiue
1008 701 1096 771 magui

302 805 452 862 inflammati
464 805 582 862 desiderii
598 805 751 861 desiderium
767 803 855 870 habeo,
868 822 943 860 otene
954 809 981 860 et
997 805 1094 862 deside·

302 929 361 968 runs
385 913 497 968 omnium
522 913 612 972 tuiium
639 911 794 969 fervidorum
816 914 957 966 amatorum
979 911 1093 967 'Ituci-um

301 1019 450 1090 participem
473 1038 514 1076 mo
536 1019 598 1086 fieri,
623 1037 653 1075 ec
675 1037 764 1075 eorum
791 1020 878 1073 sancto
902 1017 1029 1073 consortio
1049 1035 1092 1072 on-

300 1124 435 1180 numerari.

606 1311 782 1376 W&-

592 1537 710 1594 CAPUT
732 1537 790 1592 XV.

296 1789 488 1833 cuononem
504 1779 664 1830 onvou1on1e
688 1789 860 1830 eremmon
882 1789 917 1828 nu
935 1788 1086 1829 so11us1uc

490 1883 683 1924 nunnomoun
701 1881 881 1928 Aooomuun.

326 2069 352 2124 1.
371 2069 503 2141 “Oportet
514 2072 542 2124 te
554 2068 694 2124 devotionis
705 2067 814 2140 gratinm
824 2069 950 2124 instanter
961 2086 1081 2140 querere,

290 2173 463 2231 desideranter
477 2177 572 2246 peterc,
585 2175 712 2246 patienter
727 2179 754 2230 et
771 2173 921 2230 fiducialiter
938 2177 1080 2246 expectere,

289 2278 421 2352 'gratanter
429 2282 548 2354 recipere,
555 2281 685 2336 humiliter
694 2298 850 2347 conseruere,
860 2280 974 2336 studiose
982 2299 1080 2337 cumea

287 2387 394 2457 operui,
407 2405 436 2444 oc
452 2387 512 2443 Dno
523 2390 625 2459 tempus
636 2391 663 2443 et
674 2387 778 2443 modum
789 2405 905 2458 eupemae
916 2387 1078 2454 visitationis,

286 2490 366 2548 donec
383 2492 476 2558 veniet,
495 2493 661 2549 committere.
697 2491 840 2548 Humiliune
855 2493 981 2564 precipue
992 2497 1020 2548 te
1035 2492 1078 2549 do-

284 2596 336 2664 bes,
345 2615 403 2652 cnm
414 2613 504 2669 porum
515 2602 560 2654 eut
572 2598 636 2654 nihil
648 2599 790 2658 devotionis
800 2599 908 2656 interius
921 2599 1015 2665 sentim
1031 2599 1078 2655 sed

283 2721 336 2758 non
357 2703 464 2760 nimium
487 2702 570 2773 dejici,
589 2722 637 2760 neo
656 2705 799 2762 inordinate
826 2705 979 2762 contristari.
1021 2707 1076 2761 Det

282 2821 348 2880 cepe
360 2809 438 2864 Dnuu
449 2807 478 2864 in
493 2807 546 2864 un'o
559 2807 632 2866 brevi
646 2810 781 2878 monento,
799 2811 867 2883 quod
877 2811 955 2883 longo
968 2812 1073 2884 negttit

279 2919 410 2986 tempore3
429 2915 473 2971 dut
485 2915 634 2988 quandoque
645 2917 673 2972 in
683 2917 741 2985 fine,
754 2917 822 2990 quod
836 2917 865 2974 iu
879 2917 1001 2989 principio
1013 2934 1068 2972 ore·

278 3019 355 3080 tionis
367 3021 467 3079 dietudt
478 3022 546 3080 dore.

313 3130 337 3184 2.
357 3133 375 3158 “
383 3129 411 3185 Si
419 3148 517 3201 semper
524 3130 575 3188 cito
583 3130 667 3203 gratia
675 3130 784 3202 duretur,
794 3135 820 3187 et
828 3151 875 3205 pro
884 3136 944 3188 voto
956 3131 1063 3197 adesset,
