2524 3844
427 464 718 525 cunrsr11.12,1s.
937 469 967 517 19
1028 462 1031 571 p

171 599 254 656 tiones
265 600 292 654 et
303 597 458 654 tentationes
469 601 625 656 transierunt
636 605 663 657 et
672 601 841 675 profecerunt.
867 601 913 658 Et
922 605 968 676 qni
1029 586 1031 595 Ι

171 703 325 760 tentationes
342 705 468 760 sustinere
483 706 658 777 nequiverunt,
677 706 778 779 reprobi
793 706 856 762 faeti
867 711 927 762 sunt
939 712 969 764 et

122 854 124 865 ,
172 809 326 866 defeoenmt.
349 809 412 866 Non
420 815 460 867 est
472 812 561 884 uliquis
573 812 635 867 ordo
648 815 702 867 tam
713 816 824 878 sanutus,
836 831 884 869 neo
895 812 967 869 loeus

170 921 225 973 tam
236 921 358 983 secretus,
370 917 416 974 nbi
426 937 478 973 non
489 919 541 974 siut
552 919 707 974 tentationes
718 919 760 974 rel
771 918 944 974 adversitates.
1030 924 1032 997 ξ

206 1027 231 1080 3.
249 1024 312 1080 Non
331 1029 371 1081 est
389 1026 465 1081 homo
483 1045 587 1082 suenrus
606 1045 622 1082 a
639 1027 825 1083 tentationibus
842 1027 964 1093 totaliter,
1030 1028 1032 1101 ξ

170 1133 291 1204 quamdiu
307 1134 408 1201 vixerit,
427 1133 487 1205 quia
503 1134 531 1188 in
548 1133 620 1189 nobis
639 1137 679 1189 est
696 1134 764 1190 unde
780 1139 916 1201 tentamur,
934 1153 966 1190 ex

170 1239 260 1311 quoin
271 1240 475 1312 eoncupisoentia
485 1241 540 1296 nati
555 1260 652 1297 snmus
687 1242 748 1297 Una
762 1242 903 1297 tentatione
919 1261 966 1297 sen
1030 1296 1032 1323 Ι

169 1344 333 1400 tribulatione
344 1345 485 1412 recedente,
495 1346 544 1402 alia
553 1317 708 1418 inpervenit,
721 1351 747 1402 et
759 1365 859 1418 semper
870 1346 965 1418 aliquid
1031 1326 1032 1339 ¹

169 1447 202 1506 ed
212 1450 360 1522 patiendum
372 1433 535 1508 habebimus}
553 1471 613 1508 nam
624 1452 718 1508 bonum
729 1453 858 1509 felicitatis
869 1456 964 1510 nostrae

169 1555 331 1630 perdidimus.
366 1556 447 1614 Multi
458 1563 574 1632 querunt
585 1560 739 1616 tentationes
751 1561 848 1633 fugere,
865 1565 892 1617 et
909 1579 966 1634 gra·

125 1730 127 1747 μ
170 1663 227 1719 rins
239 1663 354 1720 incidunt
369 1665 397 1720 in
411 1685 462 1722 eas.
498 1665 549 1722 Per
564 1665 644 1722 solam
659 1651 746 1740 fugam
761 1685 813 1723 non
828 1687 965 1740 possumus

125 1817 127 1852 ἑ
171 1769 964 1842 vureere,sedperpatieutiametveramhumilitatemomuibns

5 1881 7 1886 “
125 1853 127 1855 .
171 1875 287 1934 hostibus
299 1877 420 1933 efficimur
430 1877 555 1934 fortiores.

54 2001 59 2009 ·
126 1914 128 2025 t
203 1985 232 2038 4.
251 1982 305 2043 Qui
323 1983 499 2052 tantummodo
518 1983 630 2039 exterius
654 1983 769 2050 declinat,
788 2003 836 2040 nee
855 1981 966 2040 redicem
1019 2037 1020 2042 ,

126 2071 128 2131 j
173 2088 264 2154 euellit,
276 2091 512 2164 parumprofieiet:
530 2091 581 2146 imo
596 2090 720 2146 eitiusv‘ad
736 2109 795 2146 eum
811 2091 966 2146 tentationes

126 2214 128 2245 ι
172 2175 383 2267 redientetpejus
393 2196 506 2252 saevient.
530 2183 966 2270 Paulatimetperpatientiamenm
1019 2225 1020 2228 ¹

126 2274 129 2395 1
172 2297 369 2370 longanimitate,
382 2299 444 2355 Duo
453 2299 566 2372 juvante,
576 2302 666 2358 melius
676 2303 812 2374 superabis,
823 2323 898 2376 quem
908 2322 967 2361 aum

126 2424 129 2495 p
173 2403 299 2462 duritiaet
308 2406 500 2478 importunitate
508 2409 617 2480 propria.
636 2409 733 2482 Saepius
742 2413 825 2484 aooipe
833 2413 966 2469 eonsilium

127 2506 129 2547 1
172 2513 200 2569 in
209 2515 358 2582 tentatione,
371 2519 397 2572 et
409 2533 468 2572 omn
479 2518 579 2571 tentato
590 2517 642 2572 noli
654 2516 751 2574 duriter
762 2537 844 2591 agere,
854 2520 900 2576 sed
908 2536 965 2577 oon*

127 2596 129 2671 :
173 2621 321 2677 senensem
331 2622 425 2695 ingere,
438 2622 505 2678 seue
515 2621 564 2678 111
575 2625 675 2694 operes
686 2623 749 2679 nee.

207 2734 234 2784 5.
260 2727 368 2783 Initium
395 2728 507 2784 omnium
533 2729 656 2784 malarum
682 2729 854 2785 tentationum
880 2731 965 2788 innon

174 2832 351 2890 stautiaanimi
359 2833 650 2907 estetpanuaaanun
658 2835 819 2891 ooufidentia:
833 2837 966 2909 quiasiout

126 2954 128 3033 p
173 2938 244 2994 navis
257 2939 311 2995 sine
321 2939 491 3012 gubernaculo
505 2941 565 2997 hine
579 2941 638 2998 inde
654 2959 670 2997 a
684 2943 804 3000 fluefibus
819 2943 966 3016 impellitur,

126 3036 128 3051 ⁴
173 3044 211 3098 ita
226 3043 302 3099 bomo
318 3045 440 3101 remissus
457 3050 484 3102 et
501 3067 576 3102 suurn
591 3049 748 3120 propositum
764 3049 881 3106 deserens
897 3051 966 3106 varie

125 3158 127 3278 p
172 3155 296 3208 tentetur.
331 3149 404 3226 Ignis
427 3153 518 3228 probat
541 3154 645 3222 ferrum,
664 3159 691 3210 et
708 3157 818 3212 tentatio
839 3155 968 3212 hominem
