2546 3842
262 456 308 500 124
519 450 566 498 DE
583 449 797 498 IMITATIONE

259 608 360 646 omnem
372 591 512 662 potentiam
524 594 551 646 et
563 591 721 662 dignitatem,
730 610 806 662 super
813 609 913 646 omnem
922 589 1055 644 scientiam

258 701 285 752 et
307 697 482 766 subtilitatem,
503 717 579 770 super
602 717 688 753 omnes
708 698 809 754 divitias
830 702 856 754 et
878 701 953 764 sites,
976 715 1052 768 super

258 823 357 860 omnem
376 804 490 860 laetitiam
507 809 532 860 et
547 805 735 871 exultationem,
752 824 828 877 super
842 823 942 860 omnem
958 804 1051 858 fainam

257 914 283 964 et
299 910 408 976 laudem,
426 929 501 982 super
519 928 619 966 omnem
633 911 785 966 suavitatem
801 915 828 967 et
846 910 1049 974 consolationem,

257 1035 333 1088 super
340 1036 440 1072 omnem
448 1035 518 1089 spem
526 1021 552 1072 et
559 1018 757 1088 promissionem,
767 1037 843 1090 super
851 1038 924 1074 omne
931 1020 1049 1075 meritum

256 1126 283 1178 et
300 1123 459 1190 desiderium,
473 1125 645 1196 superomnia
660 1123 726 1180 dona
741 1128 767 1180 et
783 1144 888 1181 munera
906 1145 961 1197 quse
976 1131 1049 1198 potes

257 1229 317 1285 dane
329 1191 362 1284 el
367 1228 506 1295 infundere,
521 1248 597 1300 super
608 1248 682 1284 omne
700 1229 821 1302 gaudium
835 1234 862 1286 et
875 1231 1050 1302 jubilationem

256 1353 332 1406 quam
354 1338 440 1406 potest
463 1353 535 1390 mens
559 1353 648 1406 capere
666 1338 693 1390 et
712 1336 825 1402 sentire;
848 1335 956 1408 deniqne
974 1356 1050 1408 super

256 1440 368 1512 Angelos
380 1443 406 1494 et
415 1439 588 1511 Archangelos
601 1444 627 1495 et
639 1459 716 1512 super
727 1460 827 1497 omnem
839 1445 978 1499 exercitum
986 1444 1048 1510 coeli,

256 1564 333 1616 super
345 1545 429 1600 omnia
439 1545 548 1602 visibilia
559 1550 586 1601 et
601 1546 742 1613 invisibilia,
760 1551 787 1602 et
804 1567 880 1619 super
897 1567 970 1604 omne
982 1551 1050 1620 quod

188 1636 195 1652 ”
255 1651 301 1716 Tu,
314 1650 392 1704 Duos
404 1669 483 1717 meus,
496 1669 594 1708 nones.
637 1719 640 1724 ,

290 1758 315 1811 2.
334 1755 403 1816 Quia
414 1757 460 1822 in,
473 1757 590 1811 Douma
610 1757 688 1812 Duos
700 1776 779 1824 meus,
793 1778 870 1830 super
884 1762 969 1816 omnia
984 1764 1050 1833 opti-

254 1880 311 1916 mus
320 1879 348 1916 es
358 1882 365 1927 ;
383 1863 423 1917 'Pu
432 1864 500 1918 solus
513 1863 658 1930 altissimus,
670 1865 712 1918 Tu
720 1864 788 1920 solus
800 1867 999 1937 potentissimus,
1010 1869 1050 1923 Tu

255 1966 323 2022 solus
340 1968 565 2024 sufficientissimus
584 1973 610 2024 et
628 1967 796 2041 plenissimus,
815 1973 855 2027 'Pu
870 1973 938 2028 solus
955 1977 1049 2030 suavis-

256 2073 333 2128 simus
363 2077 389 2128 et
414 2075 628 2142 solatiosissimuS,
654 2077 695 2131 Tu
720 2077 788 2133 solus
812 2079 996 2151 pulchen‘imus
1022 2087 1049 2136 et

255 2179 449 2245 amantissimus,
468 2181 508 2234 Tu
526 2180 595 2236 solus
613 2182 785 2238 nobilissimus
803 2195 830 2239 et
853 2185 1048 2256 glom'osissimus

254 2301 331 2354 super
351 2283 452 2350 omnia;
469 2285 497 2339 in
516 2286 575 2346 Quo
595 2290 688 2342 cuncta
707 2287 774 2343 bona
794 2289 869 2344 simul
889 2295 916 2346 et
936 2295 1049 2364 perfecta

254 2397 322 2458 sunt,
334 2393 361 2444 et
378 2389 491 2458 fuerimt,
509 2395 535 2446 et
552 2411 651 2464 semper
670 2397 753 2448 erunt.
788 2395 875 2467 Atque
891 2397 948 2453 ideo
964 2401 1048 2456 minus

254 2498 293 2548 est
306 2496 332 2548 et
344 2493 505 2562 insufficiens,
516 2497 639 2569 quidquid
648 2503 742 2570 praeter
749 2501 785 2554 Te
792 2500 882 2572 Ipsum
891 2503 953 2558 mihi
961 2504 1046 2572 donas,

254 2603 298 2654 aut
317 2599 348 2656 de
365 2601 402 2656 Te
415 2601 478 2672 Ipso
494 2602 590 2657 revelas
605 2604 646 2659 vel
661 2605 797 2676 promittis,
811 2607 847 2662 Te
861 2627 913 2663 non
929 2610 984 2665 viso
995 2631 1047 2668 nec

252 2707 326 2780 plene
342 2707 435 2778 adepto
444 2729 452 2774 ;
476 2709 596 2780 qnoniam
614 2709 716 2780 quidem
733 2730 785 2766 non
802 2716 888 2784 potest
903 2733 946 2771 eor
962 2736 1047 2772 meum

252 2818 376 2873 veraciter
387 2818 545 2889 requiescere
556 2837 604 2875 nec
615 2819 730 2875 totaliter
746 2823 894 2890 contentari,
907 2825 957 2882 nisi
968 2827 995 2881 in
1010 2828 1047 2882 Tc

252 2924 401 2994 requiescat,
413 2927 440 2980 et
456 2924 540 2980 omnia
557 2924 624 2980 dona
641 2943 789 2999 omnemque
807 2933 948 2986 creaturam
965 2937 1047 2990 trans-

251 3028 349 3085 cendat.

286 3138 310 3193 3.
330 3137 353 3192 0
369 3137 406 3194 nii
422 3137 584 3194 dilectissime
596 3139 700 3210 sponse,
713 3139 731 3193 J
731 3154 783 3193 usu
795 3139 925 3210 Cumana,
938 3146 1046 3201 Amator
