2524 3844
233 283 455 326 F-——ffl

282 433 313 480 58
535 427 583 476 DE
603 425 819 476 ΙΜΙΤΑΤΙΟΝΕ

283 561 352 626 fseis.
388 559 492 614 Habeas
510 558 689 614 eomeientiam
705 557 804 624 bonam,
824 561 851 613 et
868 558 946 613 Deus
963 557 1027 614 bene
1047 562 1075 615 te

283 664 438 722 defensabit:
458 683 533 736 quern
544 665 611 720 enim
622 665 700 720 Deus
717 663 834 736 adjuvare
849 665 964 730 voluerit,
981 665 1075 720 nullius

283 772 435 844 perversitas
453 789 544 827 noeere
562 770 664 843 poterit.
702 769 730 824 Si
747 773 779 824 tu
796 769 846 824 seis
865 772 949 825 teeere
967 773 995 825 et
1013 770 1075 841 peti,

284 877 380 933 videbis
404 876 493 949 procul
515 875 592 931 dubio
615 875 734 930 auritium
759 875 877 930 Domum.
924 875 985 946 Ipse
1004 876 1077 931 novit

284 990 385 1056 tempus
397 987 423 1040 et
434 982 538 1038 modum
548 981 671 1038 liberandi
682 984 716 1048 te,
727 985 754 1037 et
762 980 820 1038 ideo
828 985 855 1037 te
863 980 939 1038 debes
948 980 991 1037 Illi
998 981 1077 1054 resig-

284 1107 352 1146 nare.
388 1089 445 1145 Der
457 1091 497 1143 est
508 1087 627 1160 adjuvare
638 1091 665 1142 et
677 1086 709 1142 ab
720 1086 790 1146 omni
800 1087 947 1142 eoniusione
962 1087 1076 1144 liberare,

286 1195 358 1265 Saepe
368 1191 441 1249 valde
451 1191 555 1264 prodest
567 1190 599 1246 sd
610 1191 732 1263 majorem
742 1191 911 1248 humilitatem
920 1192 1076 1259 servandam,

286 1301 354 1373 quod
365 1300 479 1356 defeetus
490 1303 591 1356 nostros
603 1299 645 1356 alii
656 1299 740 1355 sciunt
751 1301 778 1354 et
788 1298 953 1372 redarguunt.

322 1410 346 1462 2.
360 1407 468 1467 Quando
475 1408 550 1462 homo
563 1425 610 1479 pro
626 1405 766 1463 defectibus
782 1405 835 1464 suis
844 1406 1004 1473 sehumitist,
1014 1409 1077 1462 tune

286 1512 394 1569 faciliter
406 1513 467 1569 elios
476 1514 566 1585 plsest,
576 1517 602 1570 et
611 1513 700 1570 leviter
711 1513 834 1570 satisfacit
847 1513 895 1569 sibi
903 1512 1078 1570 irascentibus.

288 1618 420 1674 Humilem
436 1619 514 1674 Deus
531 1619 644 1692 protegit
656 1624 682 1675 et
699 1619 797 1686 liberat,
814 1618 936 1676 humilem
951 1619 1033 1692 diligit
1051 1624 1079 1677 et

289 1723 438 1790 consolatur,
459 1724 549 1780 humili
567 1724 664 1780 homini
683 1724 716 1780 Se
735 1725 847 1790 inclinet,
865 1725 957 1781 humili
972 1725 1080 1797 largitur

289 1830 397 1902 gratiam
414 1849 539 1903 magnam,
557 1834 661 1902 etpost
681 1831 737 1902 ejus
758 1830 944 1903 depressionem
959 1833 1028 1889 levat
1047 1833 1081 1888 sd

289 1940 410 2012 gloriam:
428 1939 518 1995 humili
529 1939 581 1995 Sua
597 1941 695 1994 secreta
710 1937 813 2004 revelat,
830 1942 857 1994 et
873 1937 906 1992 sd
923 1939 955 1994 Se
973 1937 1081 1994 dulciter

290 2045 368 2100 trabit
391 2047 418 2100 et
440 2045 540 2100 invitat.
587 2044 700 2100 Humilis
723 2047 826 2115 eeeepte
848 2045 994 2100 eoniusione
1018 2045 1081 2102 satis

291 2151 354 2207 bene
371 2152 411 2206 est
424 2149 453 2205 in
468 2168 538 2221 paee,
557 2150 617 2222 quis
631 2153 684 2206 stat
700 2151 729 2206 in
744 2151 806 2206 Dio
821 2154 849 2206 et
865 2168 917 2205 non
933 2151 960 2206 in
976 2150 1080 2206 mundo.

291 2257 352 2312 Non
371 2259 473 2328 reputes
493 2259 521 2311 te
539 2254 634 2328 aliquid
651 2256 794 2328 profecisse,
814 2257 865 2312 nisi
883 2255 999 2312 omnibus
1018 2255 1081 2311 irrie-

290 2362 382 2417 riorem
393 2364 420 2418 te
432 2379 487 2417 esse
499 2361 601 2416 senties.

565 2539 813 2594 W

591 2734 708 2789 OAPU'P
730 2733 784 2790 IH.

483 2890 520 2929 DE
537 2889 610 2930 BONO
627 2889 751 2930 recfflco
769 2891 887 2932 nomn.

329 3006 353 3062 1.
365 3005 436 3060 Pone
447 3008 474 3061 te
485 3005 581 3077 primus
592 3005 621 3062 in
630 3023 700 3078 paee,
708 3008 735 3062 et
747 3008 809 3063 tune
820 3006 915 3079 poteris
928 3007 989 3063 alios
1001 3007 1085 3079 pseifl-

293 3130 358 3168 eere.
393 3111 480 3170 Homo
491 3111 609 3182 pseifierrs
624 3111 682 3184 plus
697 3111 801 3184 prodest
812 3131 889 3186 quem
903 3113 968 3170 bene
985 3112 1085 3169 doetus.
